2060 3450
842 286 888 323 24
913 277 1068 313 MAan
1101 285 1192 323 1555
1590 261 1593 265 ⁴
1719 275 1790 323 573

195 379 387 423 liberato
409 379 570 436 parlar’
596 379 638 421 al
659 379 914 432 cardenale,
939 385 985 422 et
1006 385 1077 422 sta
1093 379 1211 423 nella
1227 386 1336 422 nota
1352 379 1441 422 mia
1457 380 1514 423 de
1530 379 1727 436 negocij,
1747 381 1840 422 che

196 459 257 501 ho
284 458 342 501 da
368 458 543 501 trattar'
573 470 660 499 con
687 457 736 501 S.
768 457 818 501 S.
850 457 979 500 Rma.
1010 456 1213 501 Sarebbe
1243 457 1395 500 buono
1418 459 1502 500 che
1531 459 1593 500 M.
1631 457 1836 500 Polanco

195 533 417 578 scriuesse
437 549 464 577 a
486 533 639 590 Parigi
665 533 739 576 alli
760 532 918 586 nostri,
943 534 1028 578 che
1049 532 1110 576 mi
1131 533 1423 578 mandassem
1450 533 1496 576 in
1523 532 1774 590 Auignone
1796 533 1830 576 il

195 618 434 655 transunto
463 610 741 655 autenticato
769 610 887 654 della
913 609 1155 664 naturalita
1181 611 1300 654 della
1321 610 1606 667 Compagnia
1632 610 1678 652 in
1707 617 1828 654 tutta

193 689 230 732 F
232 703 382 741 ranza,
408 702 487 744 per
508 688 549 731 16
572 702 677 731 cose
705 689 791 732 che
818 700 1014 743 possono
1041 687 1246 732 accader’
1271 702 1351 744 per
1373 694 1492 732 tutte
1513 688 1555 731 16
1583 687 1714 743 parti,
1739 689 1830 731 che

192 779 282 820 qua
310 765 353 808 al
379 779 462 808 suo
491 771 642 821 tempo
669 779 759 808 non
787 765 998 807 mancara
1026 763 1100 807 chi
1121 766 1376 821 s’opponga
1397 774 1554 808 contra
1576 765 1634 808 de
1661 763 1753 815 noi,
1779 770 1826 807 et

193 847 318 884 tanto
340 855 445 897 qua,
470 855 598 884 come
620 842 677 884 ad
703 841 794 884 Aix
819 842 850 892 ¹,
875 855 902 883 a
925 841 1206 896 Brugnuola,
1227 847 1273 885 et
1294 840 1340 884 in
1365 847 1482 884 tutta
1504 841 1546 884 la
1565 842 1827 885 Prouenza-

281 919 384 962 Non
407 919 536 970 altro,
562 932 611 962 se
632 932 723 960 non
744 917 865 961 che’l
893 916 1049 974 signor
1070 916 1165 960 Idio
1193 931 1246 961 ce
1273 917 1379 960 doni
1402 917 1549 974 gratia
1580 917 1625 960 di
1655 918 1834 960 far’sua

191 995 447 1039 santissima
475 996 659 1038 volonta
686 1002 731 1039 et
763 995 913 1050 quella
939 993 985 1036 di
1017 995 1074 1038 V.
1113 996 1165 1037 Ρ.
1198 996 1257 1038 D’
1292 994 1560 1051 Auignone‚
1591 994 1666 1037 alli
1696 1006 1750 1037 22
1779 993 1831 1036 di

195 1074 348 1116 Marzo
376 1082 502 1127 1555.
527 1074 585 1115 D.
612 1073 670 1115 V.
696 1074 749 1115 R.
777 1073 830 1115 P.
857 1070 1016 1115 inutile
1039 1078 1084 1115 et
1106 1070 1306 1128 indegno
1327 1071 1548 1128 figliuolo‚

499 1163 502 1166 ’
1375 1150 1579 1192 PONTIO.

951 1360 1074 1399 94·AE

795 1447 1069 1486 ANTONIUS
1095 1447 1210 1486 GOU

565 1531 751 1574 PATRI
783 1532 1045 1575 IGNATIO
1078 1532 1160 1574 DE
1191 1531 1452 1574 LOYOLA

674 1628 912 1656 PLACENTIA
939 1629 984 1665 24
1008 1627 1153 1655 MARTn
1182 1627 1271 1664 1555
1298 1624 1330 1654 2.

188 1704 340 1752 Hispali
368 1704 508 1750 Boi-gia
537 1715 626 1739 cum
656 1703 763 1739 socio
786 1703 874 1740 Gou
897 1703 1125 1739 Montuliam
1149 1704 1356 1749 (Montilla)
1385 1704 1702 1740 aceedit.—Acta
1728 1716 1823 1740 cum

254 1758 532 1799 marchionissa
560 1762 610 1798 de
634 1763 776 1809 Priego
794 1762 957 1810 ejusque
988 1763 1397 1799 domm—Cordubam
1422 1763 1546 1808 venit,
1574 1764 1821 1799 Placentiam

255 1823 538 1871 quamprimum
552 1827 814 1870 perrecturus.
826 1823 987 1858 -Viros
1000 1822 1186 1870 quosdam
1201 1823 1410 1870 principes,
1430 1822 1639 1859 Societatis
1655 1823 1822 1869 amicos,

258 1883 366 1930 visit,
395 1882 703 1930 coenobiumque
725 1881 1032 1929 guadalupense,
1057 1882 1226 1918 familiae
1256 1882 1816 1929 hieronymianae.—Collegia

256 1942 463 1978 Societatis
481 1947 683 1988 magnates
700 1946 864 1988 poscunt
880 1941 922 1977 in
939 1941 1020 1977 suis
1037 1941 1251 1977 ditionibus
1269 1941 1819 1977 instituenda.—P1acentiam

254 2001 484 2049 ingreditur,
504 2001 606 2037 unde
624 2013 646 2037 a
664 2001 837 2048 principe
855 2002 1006 2047 Joanna
1019 2001 1255 2037 Tordesillas
1274 2000 1500 2036 arcessitur.

981 2091 1004 2124 †

946 2128 1046 2184 Jhs.

279 2223 391 2277 Muy
413 2223 526 2265 Rdo.
555 2222 703 2266 Padre
724 2228 910 2265 nuestro
927 2235 983 2264 en
1001 2220 1199 2264 Christo.
1221 2223 1286 2265 La
1302 2221 1456 2277 gracia
1472 2237 1501 2277 y
1516 2235 1642 2264 amor
1659 2227 1817 2265 eterno

187 2299 245 2343 de
267 2298 449 2342 Christo
469 2305 658 2341 nuestro
680 2304 815 2342 sefior
835 2312 913 2341 sea
934 2312 989 2340 en
1013 2304 1199 2342 nuestro
1221 2297 1438 2341 continuo
1455 2299 1587 2340 fauor
1601 2312 1631 2353 y
1646 2298 1811 2352 ayuda.

187 2375 353 2419 Amen.
379 2377 500 2419 Vase
522 2376 564 2419 el
586 2389 698 2427 mes,
722 2389 752 2430 y
768 2389 818 2417 es
834 2378 971 2417 razon
988 2374 1179 2430 cumplir
1195 2375 1239 2417 13
1254 2382 1384 2418 santa
1401 2373 1682 2426 obediencia,
1703 2387 1819 2429 pues

186 2453 253 2495 las
276 2451 603 2507 occupaciones
623 2453 716 2495 han
737 2452 842 2507 algo
863 2451 1083 2503 afloxado‚
1108 2450 1430 2507 specialmente
1459 2465 1543 2493 con
1567 2451 1609 2493 la
1629 2450 1715 2505 yda
1738 2450 1813 2494 del

188 2531 240 2573 P.
268 2528 532 2580 Francisco,
562 2542 652 2583 que
679 2542 787 2584 ayer
815 2542 865 2571 se
892 2529 950 2570 ha
976 2527 1150 2583 partido
1171 2542 1278 2584 para
1307 2527 1462 2571 Coria:
1493 2542 1523 2583 y
1551 2530 1615 2569 asi
1644 2527 1810 2570 breue-

186 2612 338 2650 mente
359 2605 466 2648 dare
488 2612 653 2648 cuenta
674 2609 700 2648 3
722 2605 780 2648 V.
807 2606 860 2648 Ρ.
885 2604 942 2646 de
963 2604 1007 2646 lo
1028 2618 1116 2660 que
1136 2619 1187 2648 se
1213 2606 1379 2648 offrece
1406 2605 1544 2648 desde
1565 2604 1607 2645 13
1635 2602 1815 2655 Vltima,

187 2696 277 2738 que
300 2681 436 2725 scriui
459 2682 515 2725 de
537 2681 709 2726 Seuilla
729 2686 756 2724 3
778 2682 805 2724 6
826 2682 882 2724 de
905 2682 1127 2726 Hebrero.

276 2758 520 2802 Hauiendo
542 2765 703 2814 puesto
720 2773 778 2802 en
800 2758 942 2801 orden
958 2757 999 2800 61
1019 2759 1070 2801 Ρ.
1090 2759 1127 2801 F
1130 2758 1334 2802 rancisco
1353 2759 1419 2800 las
1435 2771 1564 2800 cosas
1580 2757 1636 2799 de
1653 2757 1696 2799 13
1712 2770 1819 2800 casa

188 2838 245 2880 de
267 2834 454 2887 SeuiHa,
479 2849 528 2879 se
550 2834 695 2890 partio
716 2849 823 2891 para
846 2834 1049 2878 Montilla
1070 2838 1096 2877 3
1117 2835 1184 2878 los
1205 2837 1321 2878 ocho
1338 2835 1394 2877 de
1417 2834 1625 2877 Hebrero
1646 2847 1732 2876 con
1754 2848 1819 2876 vn

257 2963 268 2983 ¹
320 2960 457 3007 Aquae
477 2959 638 2994 Sextiae
656 2958 696 2994 in
714 2958 934 2994 Provincia.

254 3022 268 3041 ²
318 3020 377 3054 Ex
395 3018 634 3064 autographo
653 3017 692 3053 in
710 3018 786 3052 vol.
807 3018 850 3052 F.
871 3018 941 3062 B.,
955 3016 1101 3063 duplici
1118 3017 1226 3064 folio,
1245 3030 1284 3052 n.
1299 3018 1360 3062 69,
1376 3016 1481 3063 prius
1496 3015 1737 3062 394.-Usus
1751 3019 1819 3051 est

181 3080 254 3115 hac
271 3077 391 3124 epist.
414 3078 630 3119 POLANco,
648 3082 677 3112 t.
692 3086 734 3123 v,
750 3088 840 3124 pag.
859 3084 1029 3121 542-545,
1048 3089 1086 3112 n.
1110 3077 1199 3122 1480
1217 3083 1256 3112 et
1275 3089 1382 3123 seqq.
