2060 3432
831 210 875 247 13
899 186 1007 274 Jupn
1034 219 1124 258 1555
1671 222 1739 260 721

167 313 423 358 testimonio
444 327 554 370 muy
575 313 805 357 fauorable
824 327 882 357 en
898 320 999 357 otro
1017 312 1184 370 tiempo
1201 316 1228 357 a
1242 313 1286 358 la
1301 326 1441 369 reyna
1456 313 1575 357 dofia
1593 316 1733 359 Maria
1754 317 1785 359 ¹.

166 391 221 435 El
242 391 387 436 Sefior
407 404 559 447 ponga
579 403 637 434 en
658 389 745 435 ello
766 404 821 434 su
841 404 992 434 mano.
1017 392 1088 434 De
1109 389 1306 434 Messina
1327 393 1353 433 a
1373 404 1402 447 9
1422 390 1480 435 de
1501 390 1622 448 Julio
1657 402 1704 447 15
1711 402 1734 447 5
1740 401 1783 448 5.

964 467 1086 511 Idem
1102 469 1178 525 Jo.
1205 467 1549 511 HIERONYMUS.

255 543 511 600 Inscriptio.-
533 543 563 601 †
585 544 645 588 Al
667 546 720 588 Ρ.
747 545 809 588 M.
841 543 1033 601 Ignatio.
1063 543 1252 587 Addidit
1280 544 1395 600 ipse:
1417 544 1543 597 Solo,
1574 545 1687 598 solo,
1712 545 1793 588 sed

165 621 274 665 haec
294 621 381 664 duo
403 621 538 664 verba
559 621 700 665 deleta
721 625 844 665 sunt.

913 849 1040 890 986

675 938 959 978 OLIVERIUS
984 939 1277 976 MANAREUS

530 1019 716 1063 PATRI
747 1017 1008 1061 IGNATIO
1039 1017 1122 1060 DE
1152 1017 1411 1061 LOYOLA

542 1119 755 1148 REcmE'ro
780 1113 1024 1156 (RECANATI)
1053 1109 1095 1146 13
1119 1119 1225 1154 JULIr
1249 1118 1338 1156 1555
1362 1113 1392 1146 2.

158 1190 264 1229 Socii
280 1189 470 1226 lauretani
487 1189 719 1226 Recinetum
737 1200 780 1224 se
799 1187 1195 1235 contulere.-Opera
1211 1187 1396 1235 proximis
1419 1188 1692 1223 navata.—De
1710 1187 1787 1223 fra-

230 1250 368 1296 tribus,
386 1260 549 1296 quorum
567 1260 683 1295 unus,
701 1247 900 1285 Gerardus
923 1247 1094 1294 nomine,
1120 1259 1142 1282 a
1166 1247 1355 1283 daemone
1381 1248 1481 1283 male
1508 1251 1695 1293 tentatus,
1723 1246 1784 1283 sui

229 1310 355 1345 vietor
384 1306 795 1344 evasit.——Lauretani
823 1306 1000 1343 canonici
1036 1306 1182 1354 aliquid
1215 1306 1404 1343 adversus
1433 1306 1669 1343 Societatem
1703 1317 1783 1342 mo-

229 1369 387 1405 liuntur.

245 1541 342 1584 Pax
373 1538 451 1583 X.i
476 1538 618 1583 Molto
652 1538 766 1581 Rdo.
802 1531 850 1580 in
880 1536 965 1580 X.⁰
999 1537 1160 1581 Padre.
1196 1538 1286 1582 Per
1317 1537 1361 1581 la
1388 1536 1708 1581 incommodita
1734 1537 1783 1581 di

157 1631 321 1670 messo,
346 1617 516 1669 nonlho
538 1621 697 1671 potuto
718 1614 866 1658 l’altra
887 1613 1125 1658 settimana
1145 1614 1343 1657 scriuere
1364 1614 1450 1657 alla
1468 1616 1522 1657 R.
1550 1616 1602 1658 P.
1629 1615 1706 1667 V.‚
1732 1613 1781 1657 ni

156 1695 348 1738 mancho
370 1698 529 1749 potuto
549 1691 764 1736 mandare
791 1691 854 1748 gli
879 1690 1012 1735 danai
1038 1691 1112 1735 del
1139 1691 1253 1735 Rdo.
1279 1693 1335 1735 D.
1363 1690 1540 1736 Madrid
1562 1691 1594 1734 ³:
1620 1690 1709 1734 Dio
1730 1705 1783 1735 sa

157 1777 327 1827 quanto
345 1771 492 1812 affano
508 1783 567 1813 ne
582 1774 732 1825 port0,
744 1768 943 1824 sapendo
960 1769 1085 1811 costa
1102 1774 1221 1812 stare
1237 1767 1315 1824 piu
1333 1767 1430 1811 utili
1447 1769 1532 1812 che
1549 1782 1638 1823 qua
1660 1768 1780 1812 nella

155 1861 297 1892 cassa.
323 1845 589 1902 Monsignor
611 1845 627 1866 ⁴
649 1844 766 1889 assai
794 1845 918 1889 uolte
944 1858 1192 1901 promesso,
1215 1860 1290 1888 ma
1318 1859 1397 1901 per
1423 1845 1467 1888 la
1493 1844 1781 1889 moltitudine

155 1923 220 1967 d'i
241 1922 340 1967 suoi
361 1921 531 1979 negotij
561 1936 609 1965 se
637 1935 695 1964 ne
721 1921 989 1974 dementica,
1021 1927 1067 1966 et
1094 1936 1187 1965 non
1214 1921 1412 1979 giouano
1441 1921 1605 1965 ricordi
1632 1921 1679 1964 ni
1700 1935 1783 1978 per

154 2001 327 2044 boccha
349 1999 395 2042 ni
417 2013 496 2055 per
516 1998 692 2042 lettere.

242 2078 368 2120 Hora
395 2075 556 2119 stiamo
583 2089 610 2118 a
636 2074 842 2118 Ricanati
872 2075 887 2097 ⁵
915 2075 1054 2118 molto
1081 2076 1170 2119 ben
1197 2075 1343 2118 uoluti
1370 2075 1429 2119 da
1455 2074 1577 2128 tutti,
1602 2081 1648 2119 et
1674 2073 1713 2118 si
1736 2074 1778 2118 fa

227 2240 238 2261 ⁸
289 2240 403 2275 Anno
421 2238 571 2274 scilicet
591 2247 696 2284 1550,
714 2250 790 2285 quo
808 2249 923 2285 anno,
942 2239 1078 2275 scribit
1099 2239 1315 2285 POLAnco,
1335 2245 1361 2276 t.
1382 2250 1424 2287 11,
1442 2251 1528 2288 pag.
1551 2240 1611 2285 85,
1630 2252 1669 2275 n.
1690 2248 1774 2281 201,

153 2310 264 2335 «cum
291 2298 342 2334 de
372 2297 549 2344 Collegio
579 2297 741 2333 Lovanii
769 2296 1053 2333 instituendo...
1091 2303 1286 2347 ageretur,
1316 2301 1494 2336 consulta
1523 2304 1583 2335 est
1612 2298 1779 2334 facultas

150 2357 370 2403 theologica
386 2369 408 2392 a
424 2356 576 2402 Regina
593 2356 728 2402 Maria,
746 2356 994 2403 Imperatoris
1012 2367 1155 2402 sorore,
1173 2369 1272 2405 quae
1290 2358 1412 2406 ipsius
1431 2360 1515 2394 loeo
1534 2357 1777 2393 administra-

151 2417 299 2454 tionem
317 2415 467 2451 illarum
491 2414 775 2462 provinciarum
800 2416 1023 2460 exercebat,
1050 2420 1091 2451 et
1115 2415 1164 2451 de
1190 2422 1323 2453 nostra
1348 2418 1545 2453 Societate
1570 2417 1683 2453 valde
1710 2418 1777 2452 ho-

152 2475 352 2513 norificum
374 2473 542 2510 reddidit
565 2468 1044 2521 testimonium».—Quod
1061 2474 1218 2522 quidem
1246 2476 1528 2522 testimonium,
1555 2488 1655 2512 anno
1683 2484 1776 2520 1550

152 2536 358 2583 prolatum,
375 2535 476 2569 bene
494 2532 812 2579 distinguendum
830 2538 891 2569 est
907 2534 956 2569 ab
976 2534 1066 2579 alio,
1089 2534 1193 2581 quod
1215 2535 1352 2571 eadem
1369 2535 1533 2571 facultas
1552 2534 1776 2581 theologica

153 2605 254 2631 anno
272 2593 362 2638 1556
379 2592 482 2636 tulit,
500 2593 743 2639 habeturque
759 2591 862 2639 apud
878 2591 1130 2638 ORLANDnn,
1143 2594 1251 2630 Hist.
1269 2595 1358 2631 Soc.
1373 2595 1474 2641 Jes„
1493 2599 1591 2641 part.
1605 2604 1632 2636 1,
1648 2594 1717 2630 lib.
1732 2603 1777 2640 x,

152 2666 190 2691 n.
213 2661 293 2698 1053
315 2651 460 2687 cartas
476 2652 524 2687 de
543 2651 627 2687 San
645 2650 824 2698 Ignacio,
842 2656 875 2687 t.
897 2659 954 2697 V1,
971 2663 1064 2699 pag.
1094 2660 1177 2698 559;
1202 2653 1419 2700 Pomnco,
1447 2658 1480 2689 t.
1508 2662 1564 2700 VI,
1589 2664 1677 2700 pag.
1704 2651 1778 2698 436

153 2718 194 2749 et
209 2710 278 2757 437
287 2737 297 2747 .

220 2770 236 2791 ⁸
284 2770 344 2805 Ex
361 2768 600 2815 autographo
617 2767 657 2803 in
673 2768 751 2804 vol.
769 2768 815 2814 F,
832 2767 977 2815 duplici
994 2767 1101 2815 folio,
1114 2781 1154 2806 n.
1176 2777 1233 2816 15,
1252 2771 1358 2818 prius
1375 2771 1435 2818 89,
1453 2781 1513 2817 90.

222 2831 237 2851 ⁵
286 2827 585 2874 Christophorus
602 2826 651 2862 de
669 2825 831 2862 Madrid.

221 2890 237 2910 ⁴
286 2887 436 2934 Gaspar
451 2885 500 2921 de
517 2885 668 2930 noetis,
686 2884 842 2921 Laureti
857 2886 1108 2932 gubernator.

221 2949 236 2970 ⁵
285 2946 389 2983 Urbs
406 2943 662 2980 recinetensis
681 2943 828 2980 «tribus
845 2955 1028 2991 passuum
1046 2945 1217 2982 millibus
1234 2946 1402 2983 Laureto
1419 2946 1550 2991 distat3
1570 2951 1611 2981 et
1627 2957 1715 2982 cum
1733 2946 1773 2983 in

151 3010 299 3043 aestate
317 3006 525 3052 temperies
542 3003 640 3039 coeli
658 3002 864 3039 Lauretani
881 3002 1089 3040 insalubris
1106 3010 1226 3052 esset,
1243 3005 1380 3042 domus
1406 3005 1550 3042 nostris
1574 3017 1596 3040 a
1620 3005 1771 3042 Guber-

396 3068 588 3098 ErxsroLAz
606 3066 750 3103 Manu,
770 3074 847 3096 rou.
866 3074 917 3097 xv,
1556 3070 1592 3098 46
