2060 3432
326 224 397 260 680
813 226 1050 262 prsroLAE
1081 225 1366 272 Mxx‘rAE—968

1036 460 1162 501 968

776 544 1015 581 MICHAEL
1033 544 1208 580 DELLA
1224 543 1399 582 TORRE

736 622 942 669 episcopus
959 621 1197 668 cenetensis,
1216 621 1457 668 vicelegatus

650 701 836 744 PATRI
867 700 1129 744 IGNATIO
1161 701 1244 743 DE
1275 700 1534 744 LOYOLA

821 796 1002 824 PERthm
1027 787 1050 823 6
1075 796 1180 832 JUN11
1209 795 1298 833 1555
1324 787 1356 824 ¹.

280 868 341 903 De
359 866 439 903 vita
457 871 497 902 et
515 866 685 902 moribus
703 865 910 911 sociorum,
929 865 1056 912 deque
1074 864 1203 901 fructu
1221 864 1473 912 amplissimo,
1492 876 1541 900 ex
1559 875 1692 901 eorum
1709 865 1907 902 laboribus

327 931 450 973 parto,
469 927 709 962 luculentum
726 925 993 961 testimonium
1010 924 1363 971 scribit.—Ignatio
1377 936 1423 960 ea
1436 924 1486 960 de
1499 936 1616 961 causa
1631 926 1858 971 gratulatur.

1084 1001 1116 1062 ψ

369 1100 514 1155 Saepe
535 1098 609 1142 hic
632 1112 737 1142 cum
762 1098 852 1142 tuis
874 1098 1218 1142 familiarissime
1240 1097 1512 1152 conuersati,
1539 1097 1627 1142 dici
1647 1113 1739 1142 non
1761 1104 1909 1155 potest

281 1182 475 1232 quantas
515 1174 664 1219 animo
700 1190 757 1219 ex
793 1189 950 1219 eorum
987 1177 1178 1219 honesta
1213 1175 1542 1218 consuetudine
1577 1174 1909 1219 consolationes

280 1242 579 1309 percepimus,
600 1267 791 1308 quorum
809 1251 1106 1296 sanctimonia
1127 1251 1421 1308 doctrinaque
1441 1266 1533 1295 non
1555 1252 1758 1309 uulgaris
1779 1251 1909 1296 nobis

280 1336 517 1386 perspecta
539 1322 621 1373 est.
645 1330 779 1374 Vnde
801 1343 924 1372 nunc
940 1329 1049 1373 mihi
1066 1329 1212 1373 uisum
1228 1336 1297 1373 est
1318 1336 1673 1373 consentaneum
1689 1343 1807 1384 esse,
1829 1329 1910 1372 tibi

282 1406 422 1450 literis
453 1408 537 1450 hac
569 1407 626 1449 de
658 1421 706 1450 re
739 1406 973 1463 gratulari,
1009 1407 1133 1463 quod
1163 1406 1210 1449 in
1241 1408 1359 1450 hanc
1389 1406 1679 1466 Societatem,
1710 1406 1840 1450 cuius
1865 1413 1910 1449 te

282 1485 518 1527 authorem
540 1483 860 1537 intelleximus,
885 1484 1124 1540 plerosque
1145 1483 1453 1527 sanctissimos
1474 1483 1641 1540 pariter
1668 1498 1720 1527 ac
1741 1483 1911 1528 doctis-

280 1560 421 1604 simos
435 1561 556 1604 uiros
570 1563 697 1604 Deus
712 1560 976 1604 immortalis
991 1560 1296 1617 congregarit.
1317 1562 1467 1616 Quam
1484 1561 1541 1604 ob
1556 1575 1650 1605 rem
1667 1560 1732 1604 sic
1754 1560 1910 1605 existi-

283 1652 358 1680 mo
380 1637 573 1694 primum
596 1639 696 1681 Deo
718 1637 928 1690 maximo,
955 1636 1119 1680 deinde
1141 1636 1221 1679 tibi
1250 1636 1430 1693 tuisque
1452 1636 1661 1680 omnibus
1682 1638 1765 1680 hos
1787 1636 1912 1682 ciues

282 1715 524 1757 admodum
558 1714 796 1757 deuinctos
819 1728 934 1766 esse,
969 1720 1065 1756 tum
1091 1720 1274 1770 propter
1298 1713 1518 1757 uirtutum
1545 1714 1765 1770 exempla,
1796 1728 1911 1770 quae

281 1792 408 1844 dant,
434 1797 529 1833 tum
552 1796 732 1846 propter
763 1797 944 1833 sanctas
965 1790 1165 1846 ipsorum
1193 1789 1412 1843 actiones,
1437 1789 1535 1835 siue
1561 1791 1669 1833 dum
1697 1791 1910 1839 ecclesia-

282 1867 407 1910 sticis
428 1866 693 1923 praepositis
709 1874 755 1910 et
771 1866 1051 1910 secularibus
1068 1873 1273 1923 prompte
1290 1882 1460 1911 morem
1477 1874 1659 1924 gerunt,
1684 1866 1782 1911 siue
1803 1869 1911 1911 dum

280 1943 490 2000 publicae
514 1943 695 1988 utilitati
716 1943 907 1988 diuersis
930 1943 1089 1987 officiis
1110 1943 1381 1997 inseruiunt,
1406 1958 1510 1987 cum
1539 1958 1742 1989 carceres
1763 1951 1809 1988 et
1835 1959 1912 1989 ae-

283 2027 517 2077 grotantes
541 2020 741 2073 uisitant,
766 2020 869 2065 lites
891 2027 935 2065 et
958 2020 1204 2064 discordias
1232 2027 1524 2077 componunt,
1549 2020 1845 2065 confessionis
1866 2028 1911 2066 et

282 2097 582 2142 eucharistiae
605 2104 887 2142 sacramenta
910 2112 1005 2141 non
1022 2097 1119 2141 sine
1141 2098 1318 2154 magnis
1336 2097 1474 2141 totius
1496 2097 1693 2141 ciuitatis
1714 2112 1915 2141 commo-

282 2174 354 2218 dis
376 2173 645 2227 ministrant,
670 2174 917 2231 scripturas
939 2189 1091 2219 sacras
1117 2174 1485 2231 interpretantur,
1513 2181 1558 2220 et
1578 2175 1712 2218 modo
1735 2174 1782 2218 in
1804 2176 1916 2220 aede

286 2251 459 2304 maiori,
492 2251 625 2294 modo
654 2250 700 2293 in
728 2251 908 2307 proprio
937 2252 1118 2308 templo,
1154 2252 1288 2295 modo
1318 2251 1453 2296 etiam
1480 2251 1528 2294 in
1555 2251 1652 2307 aliis
1674 2250 1916 2295 conciones

284 2329 471 2381 habent,
491 2341 576 2372 nec
593 2342 685 2371 non
704 2327 997 2371 familiaribus
1014 2328 1247 2384 colloquiis
1269 2327 1436 2372 auxilio
1457 2328 1681 2384 salutique
1703 2327 1800 2372 aliis
1815 2342 1916 2373 esse

286 2405 488 2448 student.
515 2405 670 2460 Atque
691 2403 762 2447 his
783 2404 830 2447 in
852 2406 987 2448 rebus
1009 2404 1346 2462 integerrimam
1364 2404 1504 2448 uitam
1526 2404 1916 2460 eruditionemque

286 2482 531 2526 declarant.
565 2482 633 2524 Ex
662 2495 751 2537 quo
781 2481 1070 2526 manifestum
1099 2488 1168 2526 est
1189 2496 1267 2526 eos
1288 2481 1334 2525 id
1361 2496 1503 2525 unum
1532 2481 1682 2525 animo
1703 2480 1788 2525 sibi
1809 2496 1914 2538 pro-

287 2557 508 2614 posuisse,
534 2558 723 2614 quosuis
743 2558 921 2602 labores
941 2557 1093 2603 subire
1115 2559 1247 2613 uelle,
1273 2559 1381 2602 dum
1403 2558 1511 2602 satis
1532 2558 1692 2602 honori
1712 2557 1867 2601 diuino
1888 2572 1915 2601 a

286 2649 338 2678 se
364 2635 462 2680 fieri
490 2642 782 2692 cognoscant.
818 2637 1059 2680 Praeterea
1082 2636 1219 2693 (quod
1245 2635 1490 2680 maximum
1518 2635 1600 2692 est)
1629 2635 1914 2680 iuuentutem

288 2711 419 2756 bonis
459 2712 629 2756 artibus
657 2711 893 2757 erudiendi
921 2712 1198 2769 prouinciam
1230 2719 1549 2770 susceperunt,
1579 2711 1915 2768 informantque

287 2791 372 2832 hos
403 2790 714 2834 adolescentes
745 2795 791 2832 et
822 2789 879 2832 ad
910 2788 1032 2834 uitae
1054 2789 1361 2846 integritatem
1388 2795 1433 2832 et
1457 2788 1720 2832 doctrinam.
1753 2789 1914 2844 Quan-

289 2872 477 2922 tumque
493 2868 578 2909 hac
595 2881 651 2910 ex
668 2881 716 2910 re
731 2865 907 2909 ciuitati
930 2866 1283 2911 emolumentum
1306 2865 1503 2920 eueniat,
1523 2871 1792 2922 argumento
1808 2871 1914 2908 sunt

364 3034 375 3054 ¹
425 3032 483 3067 Ex
500 3031 678 3078 originali
695 3031 734 3067 in
752 3033 829 3068 vol.
849 3032 977 3079 Epist.
997 3033 1262 3075 diversorum,
1281 3031 1427 3079 duplici
1442 3031 1550 3077 folio,
1569 3042 1610 3067 n.
1631 3039 1712 3077 101,
1731 3030 1837 3078 prius
1850 3029 1911 3076 67.
