2060 3432
353 269 423 307 742
841 259 1082 295 Ems‘roLAE
1107 257 1395 303 M1xrAE-994

305 362 461 419 vigna.
485 362 557 406 Da
577 360 768 405 Firenza
790 371 845 414 27
867 359 913 402 di
934 357 1100 416 Luglio
1127 367 1253 414 1555.
1277 357 1337 402 Di
1358 359 1415 403 V.
1442 360 1496 402 R.
1519 360 1571 402 P.
1592 371 1726 402 seruo
1746 356 1939 400 minimo

307 445 352 484 et
373 438 578 496 figliuolo
598 437 800 495 indegno
821 437 867 480 in
890 435 1088 489 Christo,

1030 513 1285 557 LUDomco
1317 526 1379 557 DE
1411 513 1692 557 COUDRETO.

395 593 655 649 Inscriptio:
677 591 706 650 †
729 592 789 634 Al
809 591 949 634 molto
966 590 1081 634 Rdo.
1102 589 1150 634 in
1166 589 1349 634 Christo
1367 590 1529 642 Padre,
1549 589 1581 632 il
1599 591 1651 633 P.
1673 590 1735 633 M.
1756 587 1941 646 Ignatio

307 670 364 716 de
380 670 567 727 Loyola,
587 667 814 726 preposito
831 667 1045 725 generale
1060 667 1179 712 della
1195 666 1479 724 Compagnia
1494 666 1540 709 di
1556 665 1715 719 Giesu‚
1731 681 1757 710 a
1773 667 1936 710 Roma.

1063 832 1188 872 994
1390 885 1395 890 Ι

823 921 1131 959 ZACHARIAS
1156 920 1419 958 DELFINUS

680 1018 868 1062 PATRI
898 1017 1162 1062 IGNATIO
1194 1018 1277 1060 DE
1308 1017 1569 1061 LOYOLA

854 1126 1054 1155 AUGUSTA
1071 1125 1116 1162 27
1133 1126 1235 1161 JUL11
1255 1124 1344 1163 1555
1363 1117 1390 1153 ¹.

427 1205 602 1251 Juvenes
619 1201 880 1248 commendat,
898 1202 1062 1237 Romam
1079 1200 1128 1237 ad
1145 1201 1354 1248 collegium
1371 1200 1638 1248 germanicum
1656 1204 1814 1236 euntes.

397 1288 538 1332 Molto
560 1287 696 1341 Rdo.‚
725 1300 853 1330 come
887 1285 1064 1329 fratello
1095 1286 1373 1329 honorando.
1405 1284 1586 1330 Sicome
1617 1283 1679 1327 mi
1712 1284 1940 1341 persuado

310 1367 396 1409 che
416 1364 448 1408 il
470 1365 622 1408 dottor
642 1362 880 1408 Gironimo
912 1363 927 1384 ²
950 1362 1117 1406 habbia
1143 1362 1300 1406 scritto
1322 1377 1348 1406 a
1370 1363 1426 1406 V.
1452 1362 1502 1407 S.
1528 1363 1602 1416 R.,
1627 1361 1672 1405 io
1698 1361 1866 1418 disposi
1887 1376 1937 1405 a-

308 1442 339 1485 li
361 1440 509 1500 giorni
530 1440 697 1498 passati
719 1446 878 1496 questa
906 1441 1079 1483 maesta
1105 1440 1119 1461 ³
1149 1454 1176 1483 a
1199 1439 1262 1483 far
1290 1440 1504 1483 mandare
1532 1453 1595 1482 un
1616 1439 1808 1495 qualche
1829 1451 1941 1482 con-

312 1518 524 1563 ueniente
546 1531 736 1560 numero
758 1516 804 1559 di
825 1516 1011 1574 giouani
1032 1515 1120 1560 deli
1142 1515 1248 1560 stati
1278 1515 1393 1571 suoi,
1418 1522 1538 1559 sotto
1559 1516 1629 1559 ala
1650 1522 1780 1559 santa
1801 1521 1847 1560 et
1868 1515 1943 1572 pia

310 1595 546 1652 disciplina
576 1595 650 1638 del
679 1593 872 1651 collegio
899 1608 982 1637 suo
1009 1593 1055 1636 di
1088 1595 1252 1647 Roma,
1283 1600 1330 1638 et
1354 1594 1397 1637 la
1419 1592 1605 1638 indusse
1634 1592 1885 1649 parimente
1915 1607 1943 1637 a

311 1678 584 1730 promettere
605 1672 691 1716 che
713 1670 897 1715 sarebbe
918 1684 1095 1727 sempre
1121 1684 1315 1727 porgere
1342 1671 1535 1727 qualche
1561 1684 1771 1714 soccorso
1798 1683 1878 1726 per
1898 1669 1943 1714 la

312 1748 637 1794 sostentatione
664 1747 752 1792 deli
780 1747 908 1790 detti.
943 1748 1085 1800 Hora,
1119 1748 1391 1792 hauendone
1418 1762 1518 1791 essa
1540 1748 1711 1791 maesta
1739 1746 1838 1791 fatti
1866 1746 1943 1804 gia

312 1831 503 1870 mettere
525 1841 551 1869 a
571 1824 764 1868 l'ordine
785 1839 814 1867 x
834 1823 1031 1877 bohemi,
1057 1825 1148 1868 m'e
1169 1838 1301 1881 parso
1325 1823 1553 1868 d’inuiarli
1579 1839 1604 1868 a
1627 1825 1684 1868 V.
1717 1824 1765 1868 S.
1791 1825 1845 1867 R.
1869 1823 1942 1867 in—

313 1902 453 1947 sieme
475 1917 561 1946 con
584 1907 745 1957 questa
771 1900 876 1954 mia,
899 1901 1179 1957 pregandolo
1200 1902 1285 1944 che
1311 1915 1392 1958 per
1417 1902 1563 1945 honor
1584 1901 1657 1946 del
1679 1900 1836 1958 signor
1856 1900 1947 1945 Dio

315 1987 361 2024 et
383 1994 462 2036 per
483 1978 683 2036 seruigio
704 1978 805 2022 dela
826 1977 1057 2034 republica
1078 1977 1322 2023 christiana
1343 1977 1408 2022 sia
1435 1985 1650 2023 contenta
1670 1978 1716 2022 di
1737 1978 1944 2023 riceuerli

314 2055 569 2109 uolontieri,
593 2070 619 2100 e
642 2062 797 2100 tenere
817 2055 1005 2100 insieme
1026 2071 1106 2112 per
1127 2055 1374 2100 certificato
1396 2058 1480 2100 che
1508 2057 1633 2101 detta
1660 2058 1831 2101 maesta
1852 2070 1944 2099 non

316 2133 383 2177 sia
406 2147 484 2190 per
511 2147 723 2189 mancare
749 2132 822 2177 del
849 2139 983 2176 canto
1012 2147 1096 2176 suo
1123 2133 1223 2177 dela
1251 2147 1480 2189 promessa
1511 2132 1814 2178 conueniente
1842 2147 1948 2190 pro-

320 2209 495 2253 uisione
518 2210 551 2253 ⁴.

405 2287 493 2331 Nel
514 2292 635 2331 resto
655 2286 716 2328 mi
738 2285 918 2331 rimetto
940 2302 966 2331 a
987 2293 1158 2343 quanto
1179 2286 1210 2330 li
1236 2286 1436 2331 scriuera
1456 2286 1487 2329 il
1508 2287 1660 2331 dottor
1680 2286 1879 2341 Canisio,
1903 2293 1952 2332 et

316 2363 553 2408 intendera
574 2378 600 2407 a
621 2362 762 2406 bocca
783 2363 856 2406 dal
877 2364 1085 2420 predetto
1106 2364 1260 2413 dottor
1280 2363 1532 2408 Gironimo.

406 2441 576 2484 Nostro
599 2439 755 2497 signor
775 2439 864 2483 Dio
885 2439 952 2484 sia
979 2440 1026 2483 in
1048 2441 1167 2484 bona
1194 2440 1269 2485 uia
1290 2447 1336 2484 et
1365 2441 1555 2484 custode
1581 2440 1627 2484 di
1654 2442 1713 2485 V.
1744 2441 1793 2486 S.
1825 2441 1899 2494 R.,
1924 2455 1954 2485 a

315 2517 359 2561 le
380 2516 453 2560 cui
476 2515 666 2560 orationi
687 2516 825 2559 molto
848 2516 892 2559 di
921 2531 1026 2560 core
1052 2517 1113 2560 mi
1141 2518 1458 2562 raccomando.
1489 2519 1548 2561 D'
1573 2518 1803 2575 Augusta,
1833 2517 1865 2560 li
1894 2528 1953 2572 27

318 2593 364 2636 di
386 2592 553 2650 Luglio
574 2593 648 2638 del
675 2595 736 2637 M.
768 2595 825 2637 D.
859 2594 911 2638 L.
938 2595 996 2638 V.
1030 2595 1088 2638 D.
1121 2595 1178 2639 V.
1211 2595 1260 2639 S.
1291 2595 1430 2638 molto
1458 2595 1570 2638 Rda.
1607 2609 1734 2638 come
1757 2594 1950 2649 fratello,

921 2672 970 2715 IL
992 2684 1209 2716 vescovo
1231 2673 1467 2725 Dens-mo,
1492 2670 1676 2725 nuncio,
1701 2677 1790 2716 etc.
1817 2672 1831 2694 ⁵

390 2772 399 2792 ¹
450 2770 510 2805 Ex
528 2769 707 2816 originali
724 2770 763 2806 in
778 2772 855 2807 vol.
872 2772 1002 2819 Epist.
1018 2773 1285 2815 diversorum,
1300 2771 1445 2819 duplici
1463 2771 1570 2819 folio,
1584 2784 1627 2808 n.
1651 2771 1732 2817 103,
1746 2772 1852 2819 prius
1866 2771 1952 2819 298.

387 2831 402 2851 ²
452 2829 502 2865 P.
524 2828 788 2876 Hieronymus
806 2830 944 2867 Nadal.
964 2831 1066 2867 Vide
1082 2830 1198 2878 hujus
1216 2831 1346 2879 Epist.
1366 2836 1398 2867 t.
1421 2841 1448 2876 1,
1466 2843 1561 2879 pag.
1583 2832 1666 2878 296.

389 2888 404 2909 ³
454 2888 738 2934 Ferdinandus,
757 2901 827 2925 rex
844 2901 1109 2926 romanorum.

390 2949 405 2969 ⁴
455 2946 516 2983 Cf.
536 2947 755 2995 POLANCO,
774 2954 802 2984 t.
823 2957 864 2994 v,
884 2960 973 2996 pag.
993 2957 1053 2996 25,
1067 2962 1109 2985 n.
1129 2957 1191 2996 41,
1210 2960 1299 2997 pag.
1315 2948 1377 2996 32,
1391 2962 1429 2988 n.
1447 2949 1492 2995 56
1506 2955 1546 2986 et
1560 2961 1650 2997 pag.
1669 2948 1731 2992 38,
1748 2961 1787 2986 n.
1806 2949 1866 2995 64,
1880 2949 1947 2995 65.

392 3006 407 3028 ⁸
456 3006 663 3043 Zacharias
706 3007 903 3055 Delfinus,
946 3009 1149 3056 pharensis
1183 3008 1413 3057 episcopus,
1449 3008 1685 3056 apostolicus
1714 3008 1873 3045 nuntius
1910 3007 1952 3045 in

320 3064 549 3102 Germania.
