2060 3450
811 221 835 260 7
860 214 1016 250 MARTn
1042 221 1133 259 1555
1672 213 1740 258 565

143 318 324 365 Seuilla
343 333 374 374 y
394 317 451 361 de
472 317 680 361 Hebrero
702 326 774 370 27.
797 316 840 359 A
857 313 1053 367 Medinat,
1075 314 1346 367 Valladolid,
1369 316 1549 371 Burgos
1566 329 1596 370 y
1613 315 1788 368 Ofiate,

153 409 268 453 pues
288 395 330 438 el
346 393 522 438 camino
543 407 592 436 es
613 393 825 446 derecho‚
850 390 888 435 si
910 392 968 435 V.
993 392 1046 434 R.
1073 391 1288 435 mandare
1304 390 1460 436 enviar
1476 394 1575 434 esta
1591 391 1790 446 despues

154 473 214 517 de
234 473 382 527 leyda‚
407 469 620 513 charidad
641 468 946 525 reciviremos,
970 483 1000 524 y
1022 468 1196 524 trabajo
1211 482 1295 511 nos
1316 471 1542 512 escusara.

245 549 353 591 Alia
373 561 532 590 manu:
554 548 670 590 Para
691 546 733 590 el
761 544 954 602 collegio
985 545 1044 590 de
1070 544 1257 598 Seuilla,
1282 544 1507 588 Dominus
1535 559 1678 588 meus.
1707 546 1789 587 P.e.

148 628 264 677 mio,
290 627 456 669 Martin
476 625 534 667 de
556 620 668 667 Roa.

905 774 1034 815 98⁰

665 862 938 902 ANTONIUS
964 862 1265 902 SOLDEVILA

525 961 712 1003 PATRI
744 959 1006 1013 IGNATIO
1039 959 1122 1002 DE
1154 959 1414 1002 LOYOLA

713 1062 858 1090 GENUA
875 1062 896 1098 7
915 1062 1059 1089 MARTn
1080 1061 1170 1098 1555
1191 1055 1218 1088 ¹.

144 1145 204 1181 ‘Se
221 1145 370 1181 litteras
389 1144 541 1191 Ignatio
559 1143 728 1190 misisse,
746 1142 975 1179 dicit.—-De
993 1147 1097 1179 statu
1115 1147 1155 1178 et
1171 1142 1395 1178 conditione
1414 1142 1606 1178 sociorum
1624 1141 1783 1188 collegii

848 1201 1081 1248 genuensis.

952 1295 982 1354 ,Γ

238 1394 333 1436 Pax
355 1391 539 1436 Christi.
565 1392 679 1435 Rdo.
707 1393 843 1435 Patre
864 1391 939 1434 nel
961 1391 1173 1448 Signore.
1207 1390 1332 1446 Ogni
1360 1390 1614 1448 settimana,
1646 1406 1783 1436 senza

137 1483 328 1514 mancat
349 1468 504 1522 niuna,
535 1470 595 1512 ho
622 1467 759 1512 serito
788 1468 874 1510 3113
903 1469 957 1511 R.
985 1469 1038 1511 P.
1072 1469 1129 1512 V.
1154 1482 1234 1524 per
1262 1481 1349 1519 me,
1382 1482 1410 1510 o
1443 1468 1674 1511 Bernardo
1694 1469 1729 1520 ²,
1755 1483 1782 1511 o

136 1547 260 1590 altro
281 1546 328 1589 in
349 1560 483 1589 nome
510 1545 616 1598 mio,
648 1552 694 1589 et
720 1545 936 1588 mandato
964 1545 1006 1588 le
1027 1545 1201 1588 lettere.
1233 1546 1299 1588 La
1327 1544 1672 1601 quadrimestre,
1697 1547 1782 1588 che

141 1624 307 1667 adesso
328 1623 389 1665 mi
415 1623 656 1675 domanda,
687 1636 779 1665 non
810 1623 854 1664 lo
882 1620 1036 1676 scrita,
1067 1636 1146 1678 per
1174 1636 1267 1665 non
1295 1621 1492 1664 ritrouar
1520 1622 1581 1664 tal
1601 1636 1707 1665 cosa
1730 1621 1782 1679 (si

145 1700 237 1743 ben
268 1699 329 1742 mi
355 1700 548 1751 ricordo,
579 1706 624 1742 et
655 1713 747 1742 non
774 1698 836 1741 mi
869 1713 921 1741 so
952 1698 1217 1755 ingannato)
1250 1699 1370 1743 nelle
1401 1698 1555 1754 regole
1586 1699 1660 1741 del
1691 1697 1782 1741 mio

146 1777 313 1830 officio,
338 1778 396 1820 ne
417 1791 547 1833 saper
568 1778 653 1820 che
681 1775 789 1819 fossi
816 1774 1145 1820 consuetudine
1165 1776 1223 1820 de
1244 1774 1426 1832 collegi,
1456 1789 1483 1818 o
1517 1775 1703 1818 uolunta
1724 1775 1782 1818 de

146 1854 204 1897 V.
230 1855 284 1898 R.
313 1856 385 1906 P.,
410 1855 601 1905 benche,
626 1853 808 1909 quando
833 1851 1014 1895 mandai
1040 1853 1083 1895 la
1110 1852 1435 1908 quadrimestre
1463 1853 1497 1905 ³,
1523 1851 1686 1896 scrisse
1707 1852 1781 1897 del

144 1929 301 1986 spirito
332 1938 379 1975 et
410 1931 551 1973 frutto
583 1931 669 1974 che
700 1929 737 1973 si
768 1929 927 1973 faceua
953 1942 1032 1985 per
1060 1943 1213 1972 mezzo
1240 1928 1348 1973 delli
1378 1928 1558 1972 fratelli.
1594 1929 1779 1984 Quanto

132 2007 229 2051 alla
249 2006 541 2063 dispositione
563 2014 610 2052 et
630 2006 778 2051 sanita
799 2007 1048 2062 corporale,
1084 2005 1191 2049 tutti
1213 2021 1292 2062 per
1314 2006 1356 2049 al
1384 2012 1597 2062 presente
1618 2012 1778 2049 estano

134 2083 234 2126 asai
255 2084 388 2136 bene,
413 2090 604 2140 excepto
626 2082 763 2127 miser
787 2082 940 2126 Pietro
967 2082 1126 2134 Canal,
1152 2083 1238 2127 che
1266 2084 1363 2127 esta
1384 2096 1472 2125 con
1499 2082 1542 2125 13
1563 2096 1676 2125 suoa
1696 2082 1777 2124 de-

139 2159 285 2205 bileza
315 2161 389 2204 del
420 2175 532 2216 capo
563 2166 609 2204 et
637 2161 694 2204 de
727 2166 826 2203 tuto
849 2158 880 2202 il
912 2173 1049 2215 corpo
1083 2159 1273 2216 (benche
1295 2174 1387 2203 non
1419 2165 1545 2202 tanto
1576 2173 1705 2203 come
1731 2157 1777 2201 in

140 2237 314 2292 Roma),
349 2243 395 2280 et
425 2236 563 2280 inabil
595 2250 671 2293 per
706 2235 815 2292 ogni
843 2235 1059 2279 exercitio
1088 2235 1146 2280 de
1171 2244 1346 2288 mente,
1378 2236 1436 2279 ne
1464 2236 1610 2279 anche
1638 2235 1776 2277 molto

142 2314 256 2356 forte
282 2327 362 2369 per
392 2313 423 2355 li
451 2312 671 2357 moderati
700 2311 900 2367 exercitij
931 2311 1159 2366 exteriori,
1190 2313 1373 2368 quando
1411 2313 1583 2355 fossero
1616 2312 1673 2355 de
1704 2310 1774 2353 bi·-

140 2403 288 2446 sogno
315 2389 348 2443 ⁴3
380 2396 425 2434 et
447 2389 656 2443 Michael‚
681 2388 754 2432 chi
781 2387 819 2431 si
848 2387 1127 2431 mandorono
1153 2388 1199 2431 di
1230 2390 1266 2432 F
1268 2388 1464 2443 iorenza,
1498 2388 1528 2431 il
1551 2388 1657 2443 qual
1678 2389 1775 2431 esta

211 2527 222 2547 ¹
274 2526 332 2561 Ex
356 2526 595 2572 autographo
626 2525 666 2560 in
690 2525 768 2559 vol.
794 2522 1112 2570 Informationes
1137 2525 1343 2571 antiquae,
1370 2524 1485 2560 unico
1509 2523 1616 2569 folio,
1644 2534 1682 2557 n.
1714 2530 1770 2566 12,

139 2584 246 2631 prius
264 2584 348 2630 413.

205 2646 219 2665 2
269 2643 391 2679 Suum
409 2653 625 2689 cognomen
642 2644 773 2680 omisit
797 2645 1018 2680 Bernardus
1045 2643 1086 2678 in
1111 2642 1291 2690 epistola,
1312 2654 1427 2690 quam
1454 2642 1593 2678 Genua
1619 2639 1771 2686 Ignatio

126 2702 241 2738 tmisit
261 2701 303 2737 13
322 2703 419 2737 Dec.
442 2710 545 2747 1554.
566 2703 661 2738 Eam
679 2714 795 2750 supra
813 2705 950 2747 habes,
970 2715 1009 2738 n.
1029 2710 1114 2748 912,
1128 2713 1218 2749 pag.
1238 2702 1328 2747 480.

202 2762 216 2782 ⁵
266 2760 572 2807 Quadrimestris
590 2761 769 2808 epistola,
790 2762 901 2808 cujus
919 2761 1007 2798 heic
1034 2761 1211 2797 meminit
1237 2760 1450 2801 Soldevila‚
1477 2758 1582 2794 diem
1608 2769 1699 2804 prae
1726 2768 1769 2793 se

122 2819 208 2856 'fert
223 2827 245 2865 7
269 2820 384 2855 Febr.
409 2827 513 2864 1555,
533 2825 572 2855 et
589 2831 611 2855 a
629 2820 742 2856 nobis
761 2821 867 2857 edita
885 2826 946 2857 est
965 2821 1005 2856 in
1026 2820 1120 2856 Litt.
1142 2821 1318 2866 Quadra,
1343 2825 1374 2854 t.
1400 2828 1455 2863 111,
1480 2829 1569 2864 pag.
1596 2817 1767 2862 291-296.

128 2879 178 2915 In
195 2878 331 2915 eadem
350 2878 514 2925 plurima
530 2878 780 2915 continentur
798 2879 990 2915 sociorum
1014 2879 1186 2926 nomina,
1213 2891 1314 2926 quae
1341 2879 1380 2914 in
1406 2878 1477 2912 hac
1503 2887 1657 2924 quoque
1683 2886 1769 2922 pro-

124 2938 342 2982 ducuntur3
362 2937 447 2983 sed,
463 2942 506 2973 ut
518 2936 612 2973 alibi
626 2938 861 2982 monuimus,
877 2938 1103 2975 eorumdem
1116 2938 1279 2974 fratrum
1294 2936 1526 2983 cognomina
1538 2935 1767 2971 reticentur.

206 2999 220 3019 ⁴
269 2996 538 3033 Constituerat
555 2996 731 3043 Ignatius
751 3002 791 3032 et
808 3002 934 3033 rector
950 2997 1178 3044 genuensis,
1199 2998 1243 3033 P.
1264 2995 1476 3041 Soldevila‚
1497 2994 1622 3030 «serio
1636 2992 1773 3029 lectio-
