2060 3432
344 243 417 288 674
838 243 1076 278 EPISTOLAB
1100 241 1386 288 Murmur—965

300 341 610 399 superioribus
633 342 803 386 ordinis
819 342 1062 386 minorum:
1082 342 1167 385 hec
1188 340 1412 387 indicasse
1433 348 1503 386 sat
1522 348 1608 386 est.
1633 343 1691 386 V.
1715 342 1771 386 R.
1798 340 1932 386 faciet

298 419 422 476 quod
452 418 538 463 sibi
569 419 617 463 in
638 419 846 474 ,Domino
877 417 1090 475 expedire
1122 417 1364 471 videbitur,
1397 433 1456 463 an
1486 418 1696 464 videlicet
1722 418 1931 476 expediat

299 498 385 541 hec
405 495 606 541 indicare
622 495 825 554 generali
844 496 1032 539 fratrum
1049 493 1290 548 minorum,
1310 494 1446 552 idque
1466 496 1583 540 forte
1595 509 1685 552 quo
1706 494 1855 548 citius,
1876 509 1930 540 eo
1952 521 1957 525 ·

299 572 478 627 melius,
512 580 755 629 antequam
787 572 874 616 ista
905 586 984 629 per
1015 586 1174 616 omnes
1206 578 1493 629 spargantur,
1523 571 1781 616 huiusmodi
1807 572 1928 616 enim

300 665 391 694 non
428 657 623 707 possunt
659 664 751 693 non
787 648 944 694 venire
979 647 1026 692 in
1062 648 1310 706 publicum.
1352 648 1439 693 His
1477 649 1623 693 valeat
1653 649 1701 692 in
1730 649 1928 693 Domino

294 729 406 786 Jesu
434 727 546 771 Rda.
582 729 636 771 P.
671 727 749 779 V.‚
780 732 827 770 et
853 740 937 769 nos
965 724 1060 769 suis
1090 724 1370 769 orationibus
1396 725 1738 771 commendatos
1762 727 1930 770 habere

300 803 532 862 dignetur.
559 803 757 861 Raptim.
790 802 982 848 Louanii
1009 802 1166 846 Vltima
1187 802 1295 847 Maii
1326 817 1446 847 anno
1481 813 1606 858 1555.
1638 803 1750 848 Rde.
1783 805 1836 847 P.
1868 805 1926 848 V.

301 895 462 925 seruus
483 880 528 923 in
552 880 765 933 Domino,

917 957 1176 1002 ADRIANUS
1208 957 1420 1001 ADRIANI
1453 956 1510 999 ab
1542 956 1810 1014 Antuerpia.

390 1034 650 1091 Inscriptio:
672 1033 701 1092 †
723 1032 985 1079 Venerabili
1001 1032 1048 1076 in
1069 1034 1156 1077 Χ.ο
1179 1032 1303 1077 Patri
1319 1032 1552 1090 magistro,
1570 1033 1747 1090 Ignatio
1763 1034 1821 1079 de
1842 1035 1931 1078 La»

299 1111 417 1167 yola,
444 1110 645 1169 generali
667 1110 924 1168 praeposito
946 1109 1186 1156 Societatis
1201 1112 1326 1168 Jesu.
1354 1111 1537 1155 Romae.

1053 1339 1179 1380 965

866 1428 1182 1467 ALPHONSUS
1200 1428 1368 1467 LOPEZ

672 1513 859 1556 PATRI
891 1513 1152 1557 IGNATIO
1185 1513 1268 1556 DE
1299 1513 1559 1557 LOYOLA

846 1614 1022 1643 CONCHA
1047 1604 1089 1641 31
1118 1614 1210 1649 MAJI
1238 1613 1326 1652 1555
1356 1608 1382 1642 ¹.

299 1689 404 1726 Socii
422 1689 547 1726 solitis
566 1688 912 1725 exercitationibus
936 1694 976 1725 et
994 1690 1125 1735 legum
1148 1688 1325 1725 custodia
1348 1689 1423 1726 rite
1446 1688 1932 1726 instituuntur.—Concio-

622 1748 737 1784 nibus
755 1748 918 1795 aliisque
936 1747 1011 1795 piis
1029 1747 1211 1795 operibus
1228 1748 1394 1795 proximi
1407 1748 1607 1795 juvantur.

1098 1825 1121 1860 †

1058 1863 1158 1919 jhs.

391 1957 503 2013 Muy
524 1956 638 2000 Rdo.
667 1956 812 2001 Padre
834 1963 1019 2000 nuestro
1040 1970 1098 2000 en
1120 1956 1317 2000 Christo.
1344 1957 1410 2001 La
1431 1956 1586 2014 gracia
1607 1972 1636 2013 y
1658 1972 1786 2002 amor
1809 1967 1929 2003 eter-

302 2047 361 2076 no
383 2033 440 2076 de
451 2034 563 2091 Jesu
586 2032 769 2077 Christo
792 2040 980 2078 nuestro
1004 2039 1138 2077 senor
1158 2047 1236 2078 sea
1257 2047 1315 2077 en
1337 2039 1523 2077 nuestro
1545 2033 1760 2078 continuo
1782 2035 1925 2079 fauor.

303 2110 468 2154 Amen.
508 2111 717 2166 Despues
745 2124 833 2166 que
861 2113 887 2153 a
914 2111 972 2154 V.
1007 2112 1060 2154 P.
1100 2113 1274 2155 escreui
1303 2110 1345 2155 el
1375 2124 1472 2154 mes
1512 2111 1703 2167 passado
1733 2112 1767 2166 ²,
1796 2126 1856 2155 no
1883 2127 1932 2157 se

302 2187 475 2242 ofresce
492 2201 600 2230 cosa
615 2186 858 2243 particular
875 2201 963 2243 que
985 2186 1148 2231 auisar.
1178 2188 1271 2231 Los
1287 2189 1528 2232 hermanos
1549 2202 1607 2231 en
1623 2202 1728 2232 casa
1749 2202 1799 2232 se
1819 2203 1930 2232 ocu-

303 2278 391 2320 pan
420 2278 478 2307 en
509 2278 588 2307 sus
618 2263 775 2307 solitos
802 2263 1057 2308 exercitios:
1093 2264 1135 2308 el
1164 2266 1216 2307 P.
1250 2265 1442 2308 Pertusa
1464 2265 1478 2286 ³
1508 2279 1538 2321 y
1564 2279 1624 2320 yo
1650 2265 1932 2310 confesamos

303 2340 495 2397 algunas
515 2354 748 2397 personas,
772 2355 802 2396 y
823 2356 880 2385 en
902 2341 969 2384 los
990 2341 1086 2384 dias
1108 2341 1166 2385 de
1187 2341 1318 2385 fiesta
1339 2340 1532 2397 siempre
1554 2356 1612 2397 ay
1628 2342 1821 2399 algunos
1842 2357 1931 2398 que

304 2416 457 2461 tienen
487 2418 746 2461 costumbre
782 2418 839 2461 de
876 2418 1111 2474 comulgar
1147 2421 1173 2461 a
1200 2418 1414 2462 menudo.
1440 2419 1511 2461 Yo
1538 2420 1597 2463 he
1626 2418 1867 2475 predicado
1889 2419 1931 2462 la

303 2494 509 2538 doctrina
529 2493 774 2538 christiana
794 2509 824 2550 y
846 2495 1040 2551 algunos
1056 2501 1179 2538 otros
1200 2509 1445 2539 sermones:
1471 2509 1529 2539 en
1550 2510 1640 2539 vna
1661 2496 1799 2539 delas
1821 2510 1929 2552 pron

303 2570 510 2615 cesiones
533 2571 590 2614 de
610 2571 676 2614 las
696 2571 886 2615 letanias
907 2571 1125 2627 predique
1147 2586 1230 2628 por
1250 2572 1391 2616 orden
1414 2572 1486 2616 del
1507 2573 1665 2616 doctor
1687 2574 1892 2629 Vergara
1914 2573 1930 2594 ⁴

302 2647 484 2692 delante
506 2647 563 2692 de
578 2648 646 2690 los
668 2647 916 2705 canonigos
938 2664 968 2704 y
985 2649 1090 2691 toda
1106 2649 1149 2692 la
1165 2649 1369 2702 clerezia,
1390 2664 1420 2705 y
1437 2649 1478 2693 el
1495 2649 1710 2707 domingo
1728 2649 1932 2706 siguien-

305 2730 349 2767 te
372 2739 429 2769 en
451 2731 550 2768 otra
571 2723 828 2782 procession
853 2739 941 2780 que
962 2740 1011 2769 se
1027 2725 1144 2769 hizo.
1167 2726 1413 2781 Quedaron
1436 2725 1680 2770 edificados
1703 2713 1733 2782 y
1753 2725 1932 2770 satisfe-

376 2868 387 2888 ¹
437 2867 495 2901 Ex
513 2867 752 2913 autographo
769 2865 809 2902 in
827 2868 904 2902 vol.
924 2868 967 2909 F,
988 2867 1102 2903 unico
1119 2866 1225 2914 folio,
1244 2879 1283 2903 n.
1302 2876 1363 2913 71,
1384 2868 1490 2915 prius
1507 2866 1589 2904 388.

375 2924 390 2944 ²
441 2924 533 2962 Litt.
558 2926 733 2971 Quadr„
754 2930 786 2960 t.
809 2934 867 2972 111,
886 2938 974 2973 pag.
995 2925 1164 2972 394-396.

375 2985 390 3005 ³
439 2984 487 3020 P.
512 2983 777 3020 Gundisalvus
796 2984 973 3021 Pertusa.

373 3041 390 3062 ⁴
439 3043 662 3089 Alphonsus
679 3042 859 3079 Ramirez
876 3044 924 3080 de
943 3046 1128 3092 Vergara.
