2080 3536
844 273 902 299 An
927 257 1154 300 LEc'ronmir
1745 276 1768 312 9

191 382 196 420 j
266 367 475 412 Viennae
512 366 558 409 in
587 367 775 410 Austrla
803 364 1047 422 collegium
1077 365 1318 411 Societatis
1345 366 1402 409 in,
1419 366 1574 411 sedem
1606 365 1813 411 stabilem

177 459 408 500 ⁴suamque
425 443 673 497 transferri,
693 450 962 499 nostrosque
978 443 1025 487 in
1043 444 1210 486 tuenda
1228 443 1449 500 religione
1465 444 1688 488 desudare
1709 458 1815 500 pro-

123 511 125 514 ·
176 523 299 566 dunt
320 522 492 577 Lanoy,
518 521 695 566 litterae
718 534 774 576 30
796 523 950 573 Mart.,
975 533 1019 574 4,
1047 532 1103 578 29
1125 521 1252 576 Maj.,
1280 521 1331 564 16
1348 521 1474 577 Aug.
1507 530 1633 575 1554.

273 598 467 643 Tornaci
489 597 624 642 statio
639 604 898 641 nostrorum
916 598 1178 650 collocatur,
1197 612 1288 640 non
1305 597 1403 640 sine
1419 597 1717 653 quorumdam
1734 611 1816 640 ex-

189 683 420 720 ternorum
443 674 738 732 oppositione,
765 677 935 732 31Jan.
967 685 1092 730 1554.

279 745 377 797 Nec
399 753 550 795 fructu
571 753 784 796 carebant
811 751 1000 796 Lovanii
1027 752 1251 795 sociorum
1279 752 1471 804 labores,
1498 751 1575 807 qui
1603 752 1817 794 adversa-

191 829 308 873 rium
330 829 596 873 acerrimum
618 829 848 882 invenere,
874 828 1076 886 Viglium
1098 844 1186 872 van
1208 829 1456 882 Zwichem,
1481 843 1615 884 quem
1633 829 1689 872 de
1710 829 1819 871 sen-*

190 906 332 952 tentia
348 905 543 962 dejicere
559 920 644 951 nec
661 907 871 950 Ruardus
888 907 1081 963 Tapper,
1097 921 1182 951 nec
1199 905 1460 950 Ludovicus
1472 905 1667 957 Blosius,
1683 905 1742 949 O.
1764 904 1814 948 S.

189 986 323 1037 Ben.,
342 998 426 1041 pro
448 983 676 1028 Societate
698 983 860 1027 acriter
880 990 1077 1036 orantes,
1097 990 1304 1040 potuere,
1329 990 1392 1036 et,
1417 984 1539 1039 quod
1561 982 1706 1038 majus
1729 988 1814 1033 est,

187 1060 365 1104 etiamsi
381 1060 485 1105 curn
507 1060 605 1118 ipso
627 1061 791 1104 Carolo
813 1062 871 1114 V,
897 1075 1095 1114 caesare,
1120 1075 1203 1118 pro
1231 1060 1426 1117 collegio
1456 1059 1696 1105 Societatis
1726 1060 1811 1102 Lo-

188 1137 309 1181 vanii
330 1138 550 1195 erigendo
573 1137 719 1194 egerit
743 1138 799 1180 cl.
833 1133 998 1182 Petrus
1021 1139 1148 1191 Soto,
1182 1138 1243 1198 O,
1264 1140 1337 1190 Ρ.,
1363 1149 1415 1181 21
1444 1139 1576 1181 Mart.
1609 1146 1736 1191 1554,
1763 1148 1814 1191 31

193 1215 299 1271 Maj.
328 1225 454 1270 1555.

281 1291 500 1336 Coloniae
538 1291 645 1336 item
683 1292 948 1335 Leonardus
984 1293 1143 1336 Kessel
1179 1292 1309 1335 solita
1342 1291 1497 1335 munia
1518 1306 1621 1335 cum
1644 1289 1820 1348 ingenti

192 1367 444 1412 animorum
475 1369 626 1412 fructu
657 1368 781 1412 obire
813 1370 1047 1425 pergebat,
1083 1368 1205 1411 utilis
1233 1376 1484 1426 gratusque
1511 1368 1736 1420 omnibus,
1768 1379 1821 1420 14

185 1447 311 1504 Jan.,
338 1446 489 1489 8Feb.
523 1456 649 1501 1554,
681 1459 732 1500 14
748 1448 850 1504 Jan.
884 1456 1007 1502 1555.

282 1511 442 1579 Neque
471 1523 649 1567 silentio
677 1524 1031 1580 praetereundus
1060 1530 1129 1566 est
1163 1524 1372 1567 Andreas
1399 1523 1709 1574 Galvanellus,
1742 1520 1820 1576 qui
1845 1524 1854 1534 ⁴

191 1600 481 1653 Morbinium,
514 1600 727 1657 oppidum
754 1600 896 1644 Vallis
924 1599 1140 1653 Tellinae‚
1179 1599 1401 1643 incultum
1431 1614 1609 1656 agrum,
1640 1604 1819 1654 septum

183 1672 430 1726 haereseos
450 1677 680 1734 vepribus,
706 1692 788 1721 suo
811 1679 978 1722 sudore
994 1677 1213 1734 irrigabat
1230 1677 1548 1733 laboribusque
1565 1676 1816 1727 excolebat;

190 1754 361 1810 quique
382 1755 494 1799 adeo
522 1755 653 1798 bonis
681 1755 856 1798 civibus
885 1769 1016 1798 carus
1049 1761 1160 1807 erat,
1202 1762 1252 1797 ut
1289 1754 1472 1798 omnino
1510 1768 1615 1798 eum
1652 1753 1822 1796 vellent

194 1832 314 1888 apud
342 1847 392 1876 se
419 1831 612 1875 retinere
639 1840 684 1877 et
711 1832 950 1877 Societatis
978 1831 1224 1889 collegium
1258 1831 1510 1884 instituere,
1551 1846 1594 1889 9,
1626 1841 1674 1885 15
1694 1832 1818 1888 Jan.,

197 1919 251 1964 25
270 1911 379 1967 Jun.
411 1920 537 1965 1554.

283 1987 405 2031 Inter
432 1988 544 2030 haec
571 2001 679 2031 vero
699 1986 894 2030 lusitana
915 1986 1162 2043 provincia,
1188 1986 1386 2044 Borgiae
1407 2001 1552 2042 nuper
1574 1999 1626 2028 ac
1648 1983 1823 2028 Natalis

194 2063 394 2108 adventu
416 2071 632 2116 recreata,
657 2063 910 2120 principum
934 2063 1069 2108 etiam
1093 2065 1245 2108 favore
1267 2079 1365 2108 eam
1394 2069 1711 2120 prosequente,
1737 2060 1819 2103 mi-

193 2139 342 2183 rificas
358 2141 553 2183 habebat
569 2140 921 2197 progressiones.
945 2141 1262 2198 «Olisippone»
1284 2140 1430 2197 inquit
1448 2141 1768 2184 ORLANDINUS
1790 2139 1819 2192 ¹,

198 2218 325 2269 «hoc,
351 2217 388 2260 si
410 2232 625 2272 vnquam,
651 2224 852 2274 tempore
873 2225 1003 2274 grata
1025 2217 1071 2260 in
1092 2218 1261 2274 vulgus
1283 2224 1328 2262 et
1349 2216 1561 2260 salutaria
1584 2213 1823 2260 Societatis

192 2308 382 2338 munera
418 2293 620 2338 extitere.
663 2294 873 2338 Florebat
911 2295 1224 2339 Professorum
1262 2295 1439 2346 domus,
1481 2291 1824 2348 frequentiaque

193 2370 387 2414 maxima
415 2371 741 2415 celebrabatur.
777 2371 1033 2428 Collegium
1070 2385 1179 2414 vero
1211 2372 1259 2415 S.
1285 2370 1476 2414 Antonii
1513 2376 1639 2413 tanto
1660 2374 1756 2411 erat
1775 2367 1824 2409 in

197 2446 360 2502 pretio,
385 2454 435 2491 vt
462 2448 616 2505 magni
645 2448 839 2491 nominis
868 2448 951 2491 viri
979 2449 1153 2492 nullum
1183 2447 1448 2504 Olisippone
1478 2461 1591 2503 opus
1614 2446 1670 2488 ab
1698 2446 1825 2500 Rege

199 2523 475 2568 fructuosius
497 2524 730 2568 conditum
747 2524 1104 2581 praedicarent.»
1125 2523 1496 2568 Conimbricense
1512 2523 1618 2566 item
1636 2520 1826 2578 propriis

201 2598 284 2642 niti
301 2601 512 2644 subsidiis
529 2601 693 2658 coepit:
720 2601 972 2645 studiorum
997 2602 1156 2646 ardore
1177 2609 1222 2645 et
1243 2600 1424 2644 virtutis
1446 2600 1572 2643 cultu
1594 2612 1825 2642 commen·

201 2676 407 2721 dabatur.
429 2679 660 2723 Eborense
682 2679 880 2733 tandem,
906 2678 1094 2722 Henrici
1115 2677 1353 2722 cardinalis
1379 2675 1688 2720 munificentia
1715 2688 1826 2717 con-

203 2753 362 2807 ditum,
388 2755 578 2809 fructus,
617 2770 731 2811 quos
752 2755 839 2798 sibi
860 2755 1124 2811 promiserat
1145 2755 1360 2812 egregius
1381 2753 1607 2811 princepS,
1647 2751 1829 2795 abunde

203 2829 433 2874 reddebat.
459 2833 592 2888 Quae
612 2832 763 2875 omnia
789 2832 898 2876 satis
925 2831 1180 2889 colligimus
1207 2846 1262 2875 ex
1288 2830 1586 2874 lusitanorum
1609 2827 1826 2885 epistolis,

211 2918 247 2958 1,
270 2908 429 2964 2Jan.,
451 2919 494 2963 7,
520 2910 741 2964 13Febr.,
768 2919 994 2964 1,15,17,
1016 2921 1066 2964 31
1088 2910 1241 2961 Mart.,
1262 2907 1654 2964 28Apr.,1Jun.,
1680 2904 1826 2962 1Jul.,

277 3077 285 3096 ¹
336 3075 443 3110 Hist.
465 3075 553 3111 Soc.
569 3075 670 3122 Jes„
684 3076 758 3111 lib.
777 3084 862 3122 XIV,
881 3087 923 3112 n.
943 3082 1002 3122 95.
