2060 3432
902 257 946 294 28
972 258 1081 305 Jum
1109 266 1198 304 1555
1734 266 1806 305 747

224 374 315 414 rez,
340 360 398 405 de
419 360 463 404 13
490 360 601 414 860,
631 375 662 417 y
688 361 730 404 el
758 361 916 404 doctor
943 361 1169 413 Melendo,
1201 360 1426 418 canonigo
1454 361 1694 406 asimesmo
1724 362 1780 406 de
1808 362 1853 407 13

224 437 333 489 Seo,
359 452 388 493 y
411 451 499 492 que
525 451 742 494 parescan
771 440 874 493 aqui
903 437 1264 493 personalmente
1293 437 1455 481 dentro
1477 438 1534 482 de
1562 438 1726 494 quince
1754 440 1852 483 dias

224 512 478 570 siguientes
498 514 695 570 despues
717 528 805 570 que
831 528 882 558 se
907 514 952 557 lo
978 514 1226 557 mandaren
1246 528 1304 558 en
1332 515 1521 560 nombre
1542 515 1599 559 de
1631 516 1679 560 S.
1706 517 1785 568 A.,
1820 530 1853 572 y

224 604 314 647 que
334 605 394 634 no
414 591 574 648 salgan
594 592 723 636 desta
744 598 869 636 corte
890 590 960 634 sin
981 605 1036 635 su
1058 591 1250 648 especial
1272 590 1462 636 licencia
1481 607 1512 648 y
1542 592 1851 636 mandamien-

223 675 287 723 to,
314 683 487 725 porque
508 672 572 712 asi
594 668 815 714 conviene
841 669 885 712 al
904 667 1096 714 servicio
1117 668 1175 713 de
1195 668 1307 712 Dios
1328 684 1359 725 y
1378 669 1436 713 de
1457 669 1507 714 S.
1533 671 1616 723 M.;
1641 685 1671 726 y
1693 684 1782 725 que
1813 669 1851 713 si

222 745 360 802 luego
378 760 439 789 no
455 745 790 799 obedescieren‚
810 745 1098 802 partiendose
1114 760 1222 802 para
1238 751 1335 789 esta
1351 752 1492 799 corte,
1517 746 1585 790 105
1602 745 1759 790 dichos
1780 745 1852 790 in-

223 821 474 877 quisidores
494 823 563 866 105
584 826 748 867 envien
777 826 803 866 3
828 823 951 866 buen
979 822 1197 875 recaudo‚
1228 837 1401 879 porque
1422 837 1480 867 en
1509 829 1607 868 esto
1635 825 1777 867 haran
1808 824 1855 867 lo

222 914 311 955 que
332 900 481 944 deben
502 900 545 943 al
566 899 756 943 servicio
777 900 835 944 de
857 900 906 944 S.
932 901 995 943 M.
1020 914 1051 955 y
1071 899 1114 942 al
1134 898 1240 943 bien
1257 899 1440 956 publico
1455 900 1514 944 de
1529 901 1664 956 aquel
1680 900 1807 944 reino
1823 915 1855 957 y

226 980 252 1020 3
273 977 316 1020 13
338 976 660 1022 conservacion
681 977 738 1020 de
758 976 802 1021 13
816 975 1017 1032 justicia.

984 1206 1104 1246 997

692 1293 932 1341 JOANNES
957 1295 1079 1332 BTA.
1111 1296 1182 1332 DE
1207 1296 1391 1332 BARMA

600 1379 786 1422 PATRI
818 1380 1081 1424 IGNATIO
1114 1381 1198 1423 DE
1229 1381 1489 1425 LOYOLA

784 1481 943 1510 MURCIA
961 1472 1007 1508 28
1023 1482 1125 1517 JUL11
1144 1481 1233 1519 1555
1253 1475 1284 1510 ¹.

228 1556 273 1591 In
287 1554 511 1591 memoriam
528 1561 686 1592 revocat
702 1567 801 1604 quae
818 1556 868 1592 de
885 1556 1051 1603 collegio
1070 1556 1268 1592 murciano
1285 1562 1400 1593 antea
1417 1557 1571 1603 Ignatio
1588 1559 1863 1606 scripserat.—

297 1615 662 1661 Carthaginiensem
679 1616 905 1664 episcopum
922 1615 1062 1652 merito
1078 1616 1479 1652 laudat.—-Sociorum
1497 1618 1787 1665 occupationes.

1043 1693 1065 1727 ,Γ

1018 1730 1108 1772 Ihs.

318 1826 426 1880 Muy
450 1824 564 1868 Rdo.
590 1838 648 1867 en
669 1823 852 1868 Christo
874 1823 1035 1868 Padre.
1060 1826 1156 1868 Pax
1177 1823 1364 1879 X.i‚etc.
1388 1826 1458 1869 Ya
1474 1840 1556 1882 por
1577 1832 1700 1870 otras
1722 1832 1865 1883 tengo

230 1901 368 1945 serito
389 1905 415 1945 3
436 1902 494 1946 V.
520 1902 574 1945 R.
601 1905 747 1956 como,
772 1902 967 1958 despues
988 1902 1046 1946 de
1066 1902 1210 1946 hauer
1230 1901 1349 1946 dado
1370 1903 1510 1947 orden
1538 1918 1596 1948 en
1617 1904 1660 1947 13
1680 1917 1865 1959 compra

229 1979 286 2023 de
316 1979 383 2022 135
414 1993 542 2022 casas
570 1979 643 2022 del
670 1977 863 2035 collegio
890 1979 948 2022 de
981 1979 1239 2036 Caragoca,
1272 1994 1302 2035 y
1330 1981 1556 2024 hauernos
1583 1980 1774 2037 passado
1805 1993 1865 2023 en

228 2056 354 2109 ellas,
378 2055 654 2100 dexandoles
675 2070 766 2099 vna
791 2054 952 2112 iglesia
983 2070 1041 2100 en
1064 2069 1153 2111 que
1179 2070 1262 2112 por
1289 2070 1430 2113 agora
1457 2056 1678 2113 pudiesen
1707 2056 1865 2100 minis-

231 2138 323 2174 trar
347 2132 416 2175 105
444 2139 625 2175 sanctos
655 2138 962 2177 sacramentos
988 2133 1045 2176 (16
1074 2131 1331 2188 penitencia
1357 2148 1388 2190 y
1415 2133 1710 2187 eucharistia,
1733 2135 1866 2178 harto

231 2209 441 2262 comoda,
474 2224 505 2265 y
531 2209 806 2254 dexandoles
837 2224 895 2253 en
926 2210 1092 2253 mucha
1119 2224 1204 2266 paz
1232 2210 1430 2268 (aunque
1456 2211 1652 2267 despues
1681 2211 1723 2255 el
1754 2225 1865 2255 ene-

232 2285 357 2343 migo
378 2286 443 2330 les
468 2288 528 2330 ha
557 2287 809 2343 procurado
828 2288 958 2330 harta
985 2286 1336 2341 contradiction,
1368 2302 1498 2331 como
1526 2302 1607 2344 por
1630 2294 1776 2331 cartas
1807 2287 1868 2332 de

232 2363 300 2406 los
333 2364 503 2407 Padres
532 2363 590 2408 de
621 2364 707 2406 3113
738 2377 844 2408 creo
875 2367 1003 2408 terna
1034 2364 1092 2408 V.
1127 2365 1182 2408 R.
1224 2364 1470 2409 entendido
1507 2364 1566 2421 ³),
1606 2379 1687 2420 por
1724 2364 1865 2408 orden

233 2440 307 2485 del
329 2442 382 2483 P.
408 2441 445 2483 F
447 2440 650 2484 rancisco
672 2441 687 2462 ⁸
710 2454 783 2484 me
809 2444 924 2497 parti
953 2455 1061 2497 para
1087 2447 1184 2485 esta
1212 2440 1377 2485 ciudad
1404 2445 1430 2485 3
1458 2442 1680 2486 entender
1705 2441 1773 2484 105
1794 2440 1865 2484 di-

234 2523 370 2562 sefios
391 2531 479 2572 que
500 2517 543 2561 el
563 2523 698 2561 senor
718 2516 878 2573 obispo
900 2520 1036 2572 tenia3
1059 2533 1089 2574 y
1110 2521 1256 2573 como,
1280 2519 1482 2575 pasando
1499 2533 1580 2574 por
1598 2516 1815 2562 Valencia
1835 2531 1868 2574 y

234 2594 430 2647 Gandia,
454 2593 587 2637 visite
608 2594 809 2650 aquellos
830 2594 1047 2651 collegios
1067 2594 1343 2651 predicando
1366 2609 1424 2639 en
1445 2596 1558 2639 cada
1584 2601 1711 2651 parte
1733 2595 1867 2651 algu-

307 2715 318 2734 ¹
369 2712 427 2747 Ex
451 2712 644 2760 originali,
668 2724 691 2748 a
719 2712 838 2749 fratre
861 2712 951 2749 Gou
969 2718 1142 2760 exarato,
1166 2713 1206 2750 in
1235 2715 1318 2750 vol.
1342 2714 1388 2760 F,
1419 2713 1564 2761 duplici
1595 2712 1702 2758 folio,
1733 2725 1773 2748 n.
1804 2720 1868 2759 74,

236 2771 343 2818 prius
367 2780 458 2816 402.

307 2833 321 2853 2
371 2830 472 2867 Vide
486 2831 602 2878 epist.
617 2831 701 2878 987,
719 2839 823 2877 1005,
842 2839 946 2877 1017,
961 2837 1002 2868 et
1018 2840 1110 2878 1024
1122 2831 1163 2868 in
1176 2832 1319 2880 quibus
1333 2831 1484 2878 brevis,
1505 2831 1575 2868 sed
1592 2833 1722 2879 plena,
1740 2842 1871 2868 narra·

237 2889 292 2925 tio
310 2889 359 2925 de
377 2889 426 2925 iis
443 2891 562 2926 rebus
579 2890 817 2927 contexitur.

307 2949 322 2970 ³
372 2948 602 2985 Franciscus
627 2949 786 3000 Bmgia.
810 2948 872 2987 Cf.
900 2949 1016 2998 epist.
1045 2949 1130 2997 969,
1148 2962 1243 2999 pag.
1264 2951 1350 2999 681,
1368 2950 1437 2987 ubi
1455 2950 1577 2986 multa
1602 2949 1652 2986 de
1678 2949 1870 2997 carthagi-

234 3007 364 3044 niensi
381 3008 578 3056 episcopo,
603 3008 803 3057 Stephano
819 3009 868 3046 de
894 3009 1102 3058 Almeyda,
1127 3011 1316 3047 murciani
1339 3010 1497 3056 collegii
1514 3008 1733 3056 conditore,
1761 3020 1872 3046 enar-

235 3075 386 3104 rantur.
