<?xml version="1.0" encoding="UTF-8"?>
<!DOCTYPE html PUBLIC "-//W3C//DTD XHTML 1.0 Transitional//EN"
    "http://www.w3.org/TR/xhtml1/DTD/xhtml1-transitional.dtd">
<html xmlns="http://www.w3.org/1999/xhtml" xml:lang="en" lang="en">
 <head>
  <title>
</title>
<meta http-equiv="Content-Type" content="text/html;charset=utf-8" />
  <meta name='ocr-system' content='tesseract 3.04.00' />
  <meta name='ocr-capabilities' content='ocr_page ocr_carea ocr_par ocr_line ocrx_word'/>
</head>
<body>
  <div class='ocr_page' id='page_1' title='image "./epistolaemixtaee04matruoft_0510.png"; bbox 0 0 2060 3450; ppageno 0'>
   <div class='ocr_carea' id='block_1_1' title="bbox 329 196 1378 243">
    <p class='ocr_par' dir='ltr' id='par_1_1' title="bbox 329 196 1378 243">
     <span class='ocr_line' id='line_1_1' title="bbox 329 196 1378 243; baseline 0.001 -12"><span class='ocrx_word' id='word_1_1' title='bbox 329 205 403 241; x_wconf 86' lang='lat'>504</span> <span class='ocrx_word' id='word_1_2' title='bbox 823 197 1063 232; x_wconf 76' lang='lat' dir='ltr'>EpisToLAE</span> <span class='ocrx_word' id='word_1_3' title='bbox 1088 196 1378 243; x_wconf 77' lang='lat' dir='ltr'>M1xTAE—920</span> 
     </span>
    </p>
   </div>
   <div class='ocr_carea' id='block_1_2' title="bbox 647 449 1537 674">
    <p class='ocr_par' dir='ltr' id='par_1_2' title="bbox 647 449 1537 674">
     <span class='ocr_line' id='line_1_2' title="bbox 1031 449 1158 489; baseline -0.008 0"><span class='ocrx_word' id='word_1_4' title='bbox 1031 449 1158 489; x_wconf 62' lang='lat'>9⁶20</span> 
     </span>
     <span class='ocr_line' id='line_1_3' title="bbox 764 538 1414 578; baseline -0.002 -3"><span class='ocrx_word' id='word_1_5' title='bbox 764 539 1086 578; x_wconf 86' lang='lat' dir='ltr'>CONVENTUS</span> <span class='ocrx_word' id='word_1_6' title='bbox 1115 538 1414 576; x_wconf 86' lang='lat' dir='ltr'>GENUENSIS</span> 
     </span>
     <span class='ocr_line' id='line_1_4' title="bbox 647 629 1537 674; baseline 0.001 -2"><span class='ocrx_word' id='word_1_7' title='bbox 647 630 833 673; x_wconf 87' lang='lat' dir='ltr'><strong>PATRI</strong></span> <span class='ocrx_word' id='word_1_8' title='bbox 866 630 1128 674; x_wconf 85' lang='lat' dir='ltr'><strong>IGNATIO</strong></span> <span class='ocrx_word' id='word_1_9' title='bbox 1161 631 1244 673; x_wconf 92' lang='lat' dir='ltr'>DE</span> <span class='ocrx_word' id='word_1_10' title='bbox 1276 629 1537 673; x_wconf 76' lang='lat' dir='ltr'>LOYOLA</span> 
     </span>
    </p>
   </div>
   <div class='ocr_carea' id='block_1_3' title="bbox 809 722 1365 768">
    <p class='ocr_par' dir='ltr' id='par_1_3' title="bbox 809 722 1365 768">
     <span class='ocr_line' id='line_1_5' title="bbox 809 722 1365 768; baseline -0.002 -9"><span class='ocrx_word' id='word_1_11' title='bbox 809 732 955 760; x_wconf 79' lang='lat' dir='ltr'><strong>GENUA</strong></span> <span class='ocrx_word' id='word_1_12' title='bbox 973 722 995 758; x_wconf 90' lang='lat'>3</span> <span class='ocrx_word' id='word_1_13' title='bbox 1012 732 1206 767; x_wconf 83' lang='lat' dir='ltr'>JANUARn</span> <span class='ocrx_word' id='word_1_14' title='bbox 1226 731 1315 768; x_wconf 84' lang='lat'>1555</span> <span class='ocrx_word' id='word_1_15' title='bbox 1337 726 1365 758; x_wconf 92' lang='lat'>¹.</span> 
     </span>
    </p>
   </div>
   <div class='ocr_carea' id='block_1_4' title="bbox 357 817 1830 920">
    <p class='ocr_par' dir='ltr' id='par_1_4' title="bbox 357 817 1830 920">
     <span class='ocr_line' id='line_1_6' title="bbox 357 817 1830 874; baseline -0.001 -19"><span class='ocrx_word' id='word_1_16' title='bbox 357 820 512 866; x_wconf 87' lang='lat' dir='ltr'>Rogant</span> <span class='ocrx_word' id='word_1_17' title='bbox 530 819 725 865; x_wconf 88' lang='lat' dir='ltr'>Ignatium</span> <span class='ocrx_word' id='word_1_18' title='bbox 744 824 787 874; x_wconf 82' lang='lat' dir='ltr'>ut</span> <span class='ocrx_word' id='word_1_19' title='bbox 811 819 908 854; x_wconf 91' lang='lat' dir='ltr'>velit</span> <span class='ocrx_word' id='word_1_20' title='bbox 926 830 1014 854; x_wconf 91' lang='lat' dir='ltr'>cum</span> <span class='ocrx_word' id='word_1_21' title='bbox 1039 817 1195 854; x_wconf 84' lang='lat' dir='ltr'>ducissa</span> <span class='ocrx_word' id='word_1_22' title='bbox 1213 818 1435 854; x_wconf 87' lang='lat' dir='ltr'><strong>Florentiae</strong></span> <span class='ocrx_word' id='word_1_23' title='bbox 1454 829 1564 854; x_wconf 90' lang='lat' dir='ltr'>suam</span> <span class='ocrx_word' id='word_1_24' title='bbox 1582 818 1830 865; x_wconf 86' lang='lat' dir='ltr'>interponere</span> 
     </span>
     <span class='ocr_line' id='line_1_7' title="bbox 573 877 1598 920; baseline 0.001 -7"><span class='ocrx_word' id='word_1_25' title='bbox 573 878 860 920; x_wconf 89' lang='lat' dir='ltr'>auctoritatem,</span> <span class='ocrx_word' id='word_1_26' title='bbox 880 890 929 913; x_wconf 94' lang='lat' dir='ltr'>ne</span> <span class='ocrx_word' id='word_1_27' title='bbox 948 878 1064 914; x_wconf 93' lang='lat' dir='ltr'>Pater</span> <span class='ocrx_word' id='word_1_28' title='bbox 1082 878 1228 913; x_wconf 90' lang='lat' dir='ltr'>Lainez</span> <span class='ocrx_word' id='word_1_29' title='bbox 1245 878 1385 914; x_wconf 87' lang='lat' dir='ltr'>Genua</span> <span class='ocrx_word' id='word_1_30' title='bbox 1403 877 1598 914; x_wconf 87' lang='lat' dir='ltr'>discedat.</span> 
     </span>
    </p>
   </div>
   <div class='ocr_carea' id='block_1_5' title="bbox 269 991 1908 2357">
    <p class='ocr_par' dir='ltr' id='par_1_5' title="bbox 365 991 702 1048">
     <span class='ocr_line' id='line_1_8' title="bbox 365 991 702 1048; baseline 0 -13"><span class='ocrx_word' id='word_1_31' title='bbox 365 994 494 1035; x_wconf 90' lang='lat' dir='ltr'>Rmo.</span> <span class='ocrx_word' id='word_1_32' title='bbox 515 991 562 1035; x_wconf 92' lang='lat' dir='ltr'>in</span> <span class='ocrx_word' id='word_1_33' title='bbox 584 993 702 1048; x_wconf 92' lang='lat' dir='ltr'>Xpo.</span> 
     </span>
    </p>

    <p class='ocr_par' dir='ltr' id='par_1_6' title="bbox 269 1069 1908 2357">
     <span class='ocr_line' id='line_1_9' title="bbox 365 1069 1908 1127; baseline -0.001 -13"><span class='ocrx_word' id='word_1_34' title='bbox 365 1071 540 1114; x_wconf 80' lang='lat' dir='ltr'>Perche</span> <span class='ocrx_word' id='word_1_35' title='bbox 562 1070 636 1112; x_wconf 91' lang='lat' dir='ltr'>dal</span> <span class='ocrx_word' id='word_1_36' title='bbox 658 1076 812 1113; x_wconf 89' lang='lat' dir='ltr'>nostro</span> <span class='ocrx_word' id='word_1_37' title='bbox 835 1070 948 1113; x_wconf 90' lang='lat' dir='ltr'>Rdo.</span> <span class='ocrx_word' id='word_1_38' title='bbox 974 1070 1063 1112; x_wconf 89' lang='lat' dir='ltr'>don</span> <span class='ocrx_word' id='word_1_39' title='bbox 1079 1070 1253 1127; x_wconf 92' lang='lat' dir='ltr'>Jacobo</span> <span class='ocrx_word' id='word_1_40' title='bbox 1275 1070 1290 1090; x_wconf 83' lang='lat'>²</span> <span class='ocrx_word' id='word_1_41' title='bbox 1314 1071 1371 1114; x_wconf 88' lang='lat' dir='ltr'>V.</span> <span class='ocrx_word' id='word_1_42' title='bbox 1398 1070 1452 1113; x_wconf 90' lang='lat' dir='ltr'>R.</span> <span class='ocrx_word' id='word_1_43' title='bbox 1473 1070 1498 1113; x_wconf 84' lang='lat' dir='ltr'>e</span> <span class='ocrx_word' id='word_1_44' title='bbox 1515 1076 1632 1113; x_wconf 90' lang='lat' dir='ltr'>stata</span> <span class='ocrx_word' id='word_1_45' title='bbox 1649 1083 1674 1113; x_wconf 94' lang='lat' dir='ltr'>e</span> <span class='ocrx_word' id='word_1_46' title='bbox 1690 1071 1790 1113; x_wconf 83' lang='lat' dir='ltr'>sera</span> <span class='ocrx_word' id='word_1_47' title='bbox 1807 1069 1908 1113; x_wconf 92' lang='lat' dir='ltr'>aui-</span> 
     </span>
     <span class='ocr_line' id='line_1_10' title="bbox 275 1145 1905 1203; baseline 0.001 -13"><span class='ocrx_word' id='word_1_48' title='bbox 275 1153 373 1190; x_wconf 89' lang='lat' dir='ltr'>sata</span> <span class='ocrx_word' id='word_1_49' title='bbox 394 1147 451 1191; x_wconf 93' lang='lat' dir='ltr'>de</span> <span class='ocrx_word' id='word_1_50' title='bbox 472 1146 542 1190; x_wconf 80' lang='lat' dir='ltr'>cio</span> <span class='ocrx_word' id='word_1_51' title='bbox 564 1148 649 1189; x_wconf 93' lang='lat' dir='ltr'>che</span> <span class='ocrx_word' id='word_1_52' title='bbox 670 1146 708 1190; x_wconf 90' lang='lat' dir='ltr'>si</span> <span class='ocrx_word' id='word_1_53' title='bbox 730 1148 755 1190; x_wconf 82' lang='lat' dir='ltr'>e</span> <span class='ocrx_word' id='word_1_54' title='bbox 778 1147 890 1190; x_wconf 87' lang='lat' dir='ltr'>fatto</span> <span class='ocrx_word' id='word_1_55' title='bbox 913 1153 959 1191; x_wconf 95' lang='lat' dir='ltr'>et</span> <span class='ocrx_word' id='word_1_56' title='bbox 986 1146 1024 1190; x_wconf 87' lang='lat' dir='ltr'>si</span> <span class='ocrx_word' id='word_1_57' title='bbox 1051 1161 1245 1203; x_wconf 84' lang='lat' dir='ltr'>procura</span> <span class='ocrx_word' id='word_1_58' title='bbox 1274 1145 1319 1189; x_wconf 91' lang='lat' dir='ltr'>di</span> <span class='ocrx_word' id='word_1_59' title='bbox 1348 1147 1441 1190; x_wconf 86' lang='lat' dir='ltr'>fare</span> <span class='ocrx_word' id='word_1_60' title='bbox 1469 1162 1549 1203; x_wconf 93' lang='lat' dir='ltr'>per</span> <span class='ocrx_word' id='word_1_61' title='bbox 1578 1147 1621 1191; x_wconf 92' lang='lat' dir='ltr'>le</span> <span class='ocrx_word' id='word_1_62' title='bbox 1647 1146 1905 1202; x_wconf 90' lang='lat' dir='ltr'>prouisione</span> 
     </span>
     <span class='ocr_line' id='line_1_11' title="bbox 274 1222 1904 1280; baseline 0 -14"><span class='ocrx_word' id='word_1_63' title='bbox 274 1224 348 1268; x_wconf 91' lang='lat' dir='ltr'>del</span> <span class='ocrx_word' id='word_1_64' title='bbox 369 1223 561 1280; x_wconf 85' lang='lat' dir='ltr'>collegio</span> <span class='ocrx_word' id='word_1_65' title='bbox 583 1223 688 1268; x_wconf 91' lang='lat' dir='ltr'>delli</span> <span class='ocrx_word' id='word_1_66' title='bbox 715 1222 798 1275; x_wconf 87' lang='lat' dir='ltr'>soi,</span> <span class='ocrx_word' id='word_1_67' title='bbox 823 1223 975 1279; x_wconf 80' lang='lat' dir='ltr'>percio</span> <span class='ocrx_word' id='word_1_68' title='bbox 1004 1238 1030 1266; x_wconf 95' lang='lat' dir='ltr'>a</span> <span class='ocrx_word' id='word_1_69' title='bbox 1057 1223 1131 1266; x_wconf 94' lang='lat' dir='ltr'>noi</span> <span class='ocrx_word' id='word_1_70' title='bbox 1161 1224 1408 1268; x_wconf 82' lang='lat' dir='ltr'>solamente</span> <span class='ocrx_word' id='word_1_71' title='bbox 1436 1230 1556 1267; x_wconf 88' lang='lat' dir='ltr'>resta</span> <span class='ocrx_word' id='word_1_72' title='bbox 1589 1223 1797 1280; x_wconf 89' lang='lat' dir='ltr'>pregarla</span> <span class='ocrx_word' id='word_1_73' title='bbox 1818 1225 1904 1266; x_wconf 88' lang='lat' dir='ltr'>che</span> 
     </span>
     <span class='ocr_line' id='line_1_12' title="bbox 275 1299 1905 1357; baseline -0.001 -14"><span class='ocrx_word' id='word_1_74' title='bbox 275 1300 426 1357; x_wconf 84' lang='lat' dir='ltr'>voglia</span> <span class='ocrx_word' id='word_1_75' title='bbox 448 1300 728 1357; x_wconf 84' lang='lat' dir='ltr'>compiacere</span> <span class='ocrx_word' id='word_1_76' title='bbox 749 1301 792 1343; x_wconf 93' lang='lat' dir='ltr'>la</span> <span class='ocrx_word' id='word_1_77' title='bbox 818 1299 1023 1357; x_wconf 83' lang='lat' dir='ltr'>signoria</span> <span class='ocrx_word' id='word_1_78' title='bbox 1051 1301 1190 1344; x_wconf 91' lang='lat' dir='ltr'>Illma.</span> <span class='ocrx_word' id='word_1_79' title='bbox 1218 1316 1243 1345; x_wconf 95' lang='lat' dir='ltr'>e</span> <span class='ocrx_word' id='word_1_80' title='bbox 1266 1300 1372 1343; x_wconf 91' lang='lat' dir='ltr'>tutti</span> <span class='ocrx_word' id='word_1_81' title='bbox 1398 1300 1429 1343; x_wconf 92' lang='lat' dir='ltr'>li</span> <span class='ocrx_word' id='word_1_82' title='bbox 1456 1300 1676 1352; x_wconf 88' lang='lat' dir='ltr'>cittadini,</span> <span class='ocrx_word' id='word_1_83' title='bbox 1702 1301 1758 1343; x_wconf 92' lang='lat' dir='ltr'>de</span> <span class='ocrx_word' id='word_1_84' title='bbox 1782 1300 1905 1344; x_wconf 89' lang='lat' dir='ltr'>ordi-</span> 
     </span>
     <span class='ocr_line' id='line_1_13' title="bbox 275 1377 1906 1435; baseline 0 -15"><span class='ocrx_word' id='word_1_85' title='bbox 275 1392 382 1421; x_wconf 91' lang='lat' dir='ltr'>nare</span> <span class='ocrx_word' id='word_1_86' title='bbox 404 1393 430 1421; x_wconf 92' lang='lat' dir='ltr'>a</span> <span class='ocrx_word' id='word_1_87' title='bbox 453 1392 554 1422; x_wconf 88' lang='lat' dir='ltr'>esso</span> <span class='ocrx_word' id='word_1_88' title='bbox 582 1379 696 1421; x_wconf 90' lang='lat' dir='ltr'>Rdo.</span> <span class='ocrx_word' id='word_1_89' title='bbox 729 1378 820 1421; x_wconf 92' lang='lat' dir='ltr'>don</span> <span class='ocrx_word' id='word_1_90' title='bbox 846 1379 1019 1435; x_wconf 91' lang='lat' dir='ltr'>Jacobo</span> <span class='ocrx_word' id='word_1_91' title='bbox 1046 1379 1131 1421; x_wconf 92' lang='lat' dir='ltr'>che</span> <span class='ocrx_word' id='word_1_92' title='bbox 1163 1378 1250 1421; x_wconf 90' lang='lat' dir='ltr'>stia</span> <span class='ocrx_word' id='word_1_93' title='bbox 1281 1377 1359 1433; x_wconf 89' lang='lat' dir='ltr'>qui</span> <span class='ocrx_word' id='word_1_94' title='bbox 1390 1391 1477 1420; x_wconf 91' lang='lat' dir='ltr'>con</span> <span class='ocrx_word' id='word_1_95' title='bbox 1509 1377 1601 1430; x_wconf 89' lang='lat' dir='ltr'>noi,</span> <span class='ocrx_word' id='word_1_96' title='bbox 1635 1378 1794 1421; x_wconf 90' lang='lat' dir='ltr'>saltem</span> <span class='ocrx_word' id='word_1_97' title='bbox 1826 1391 1906 1434; x_wconf 90' lang='lat' dir='ltr'>per</span> 
     </span>
     <span class='ocr_line' id='line_1_14' title="bbox 272 1454 1906 1512; baseline 0.001 -14"><span class='ocrx_word' id='word_1_98' title='bbox 272 1456 465 1510; x_wconf 83' lang='lat' dir='ltr'>qualche</span> <span class='ocrx_word' id='word_1_99' title='bbox 487 1461 656 1511; x_wconf 87' lang='lat' dir='ltr'>tempo,</span> <span class='ocrx_word' id='word_1_100' title='bbox 682 1456 776 1498; x_wconf 92' lang='lat' dir='ltr'>fino</span> <span class='ocrx_word' id='word_1_101' title='bbox 799 1456 884 1500; x_wconf 93' lang='lat' dir='ltr'>che</span> <span class='ocrx_word' id='word_1_102' title='bbox 906 1454 972 1498; x_wconf 89' lang='lat' dir='ltr'>sia</span> <span class='ocrx_word' id='word_1_103' title='bbox 993 1454 1071 1512; x_wconf 80' lang='lat' dir='ltr'>piu</span> <span class='ocrx_word' id='word_1_104' title='bbox 1093 1455 1291 1498; x_wconf 87' lang='lat' dir='ltr'>stabilito</span> <span class='ocrx_word' id='word_1_105' title='bbox 1313 1455 1344 1498; x_wconf 90' lang='lat' dir='ltr'>il</span> <span class='ocrx_word' id='word_1_106' title='bbox 1372 1456 1498 1499; x_wconf 89' lang='lat' dir='ltr'>detto</span> <span class='ocrx_word' id='word_1_107' title='bbox 1520 1454 1729 1511; x_wconf 86' lang='lat' dir='ltr'>collegio,</span> <span class='ocrx_word' id='word_1_108' title='bbox 1754 1461 1800 1499; x_wconf 91' lang='lat' dir='ltr'>et</span> <span class='ocrx_word' id='word_1_109' title='bbox 1820 1455 1906 1499; x_wconf 89' lang='lat' dir='ltr'>che</span> 
     </span>
     <span class='ocr_line' id='line_1_15' title="bbox 272 1531 1905 1589; baseline 0 -14"><span class='ocrx_word' id='word_1_110' title='bbox 272 1532 338 1576; x_wconf 87' lang='lat' dir='ltr'>sia</span> <span class='ocrx_word' id='word_1_111' title='bbox 354 1532 557 1588; x_wconf 87' lang='lat' dir='ltr'>prouisto</span> <span class='ocrx_word' id='word_1_112' title='bbox 573 1532 618 1574; x_wconf 91' lang='lat' dir='ltr'>di</span> <span class='ocrx_word' id='word_1_113' title='bbox 635 1532 825 1589; x_wconf 85' lang='lat' dir='ltr'>meglior</span> <span class='ocrx_word' id='word_1_114' title='bbox 837 1532 1030 1577; x_wconf 85' lang='lat' dir='ltr'>stantiae</span> <span class='ocrx_word' id='word_1_115' title='bbox 1047 1531 1093 1575; x_wconf 92' lang='lat' dir='ltr'>di</span> <span class='ocrx_word' id='word_1_116' title='bbox 1111 1533 1259 1588; x_wconf 90' lang='lat' dir='ltr'>quelle</span> <span class='ocrx_word' id='word_1_117' title='bbox 1276 1532 1522 1575; x_wconf 91' lang='lat' dir='ltr'>habbitano</span> <span class='ocrx_word' id='word_1_118' title='bbox 1536 1532 1712 1585; x_wconf 88' lang='lat' dir='ltr'>adesso,</span> <span class='ocrx_word' id='word_1_119' title='bbox 1730 1538 1905 1575; x_wconf 88' lang='lat' dir='ltr'>attento</span> 
     </span>
     <span class='ocr_line' id='line_1_16' title="bbox 271 1607 1906 1665; baseline -0.001 -14"><span class='ocrx_word' id='word_1_120' title='bbox 271 1611 358 1651; x_wconf 94' lang='lat' dir='ltr'>che</span> <span class='ocrx_word' id='word_1_121' title='bbox 379 1610 421 1652; x_wconf 93' lang='lat' dir='ltr'>la</span> <span class='ocrx_word' id='word_1_122' title='bbox 441 1623 524 1652; x_wconf 87' lang='lat' dir='ltr'>sua</span> <span class='ocrx_word' id='word_1_123' title='bbox 545 1609 772 1665; x_wconf 85' lang='lat' dir='ltr'>presentia</span> <span class='ocrx_word' id='word_1_124' title='bbox 794 1615 839 1652; x_wconf 88' lang='lat' dir='ltr'>et</span> <span class='ocrx_word' id='word_1_125' title='bbox 860 1609 901 1652; x_wconf 91' lang='lat' dir='ltr'>le</span> <span class='ocrx_word' id='word_1_126' title='bbox 923 1623 1006 1652; x_wconf 88' lang='lat' dir='ltr'>sue</span> <span class='ocrx_word' id='word_1_127' title='bbox 1027 1609 1242 1665; x_wconf 87' lang='lat' dir='ltr'>prediche</span> <span class='ocrx_word' id='word_1_128' title='bbox 1263 1623 1376 1652; x_wconf 90' lang='lat' dir='ltr'>sono</span> <span class='ocrx_word' id='word_1_129' title='bbox 1392 1608 1594 1664; x_wconf 89' lang='lat' dir='ltr'>judicate</span> <span class='ocrx_word' id='word_1_130' title='bbox 1615 1607 1906 1652; x_wconf 85' lang='lat' dir='ltr'>sufficientis—</span> 
     </span>
     <span class='ocr_line' id='line_1_17' title="bbox 272 1684 1904 1741; baseline -0.001 -13"><span class='ocrx_word' id='word_1_131' title='bbox 272 1685 384 1729; x_wconf 88' lang='lat' dir='ltr'>sime</span> <span class='ocrx_word' id='word_1_132' title='bbox 406 1700 491 1728; x_wconf 93' lang='lat' dir='ltr'>con</span> <span class='ocrx_word' id='word_1_133' title='bbox 513 1685 556 1727; x_wconf 91' lang='lat' dir='ltr'>la</span> <span class='ocrx_word' id='word_1_134' title='bbox 577 1684 725 1741; x_wconf 85' lang='lat' dir='ltr'>gratia</span> <span class='ocrx_word' id='word_1_135' title='bbox 746 1686 803 1729; x_wconf 90' lang='lat' dir='ltr'>de</span> <span class='ocrx_word' id='word_1_136' title='bbox 825 1684 913 1728; x_wconf 92' lang='lat' dir='ltr'>Dio</span> <span class='ocrx_word' id='word_1_137' title='bbox 934 1700 960 1728; x_wconf 92' lang='lat' dir='ltr'>a</span> <span class='ocrx_word' id='word_1_138' title='bbox 982 1692 1145 1728; x_wconf 91' lang='lat' dir='ltr'>metter</span> <span class='ocrx_word' id='word_1_139' title='bbox 1166 1700 1192 1728; x_wconf 93' lang='lat' dir='ltr'>a</span> <span class='ocrx_word' id='word_1_140' title='bbox 1213 1684 1464 1741; x_wconf 88' lang='lat' dir='ltr'>perfetione</span> <span class='ocrx_word' id='word_1_141' title='bbox 1492 1692 1653 1740; x_wconf 91' lang='lat' dir='ltr'>questa</span> <span class='ocrx_word' id='word_1_142' title='bbox 1681 1699 1833 1741; x_wconf 88' lang='lat' dir='ltr'>opera,</span> <span class='ocrx_word' id='word_1_143' title='bbox 1858 1690 1904 1728; x_wconf 93' lang='lat' dir='ltr'>et</span> 
     </span>
     <span class='ocr_line' id='line_1_18' title="bbox 271 1760 1903 1818; baseline -0.001 -13"><span class='ocrx_word' id='word_1_144' title='bbox 271 1762 536 1805; x_wconf 75' lang='lat' dir='ltr'>truttificare</span> <span class='ocrx_word' id='word_1_145' title='bbox 559 1776 649 1804; x_wconf 90' lang='lat' dir='ltr'>non</span> <span class='ocrx_word' id='word_1_146' title='bbox 672 1763 818 1817; x_wconf 89' lang='lat' dir='ltr'>pocho</span> <span class='ocrx_word' id='word_1_147' title='bbox 840 1762 926 1805; x_wconf 89' lang='lat' dir='ltr'>alle</span> <span class='ocrx_word' id='word_1_148' title='bbox 947 1761 1111 1815; x_wconf 89' lang='lat' dir='ltr'>anime,</span> <span class='ocrx_word' id='word_1_149' title='bbox 1138 1778 1163 1806; x_wconf 96' lang='lat' dir='ltr'>e</span> <span class='ocrx_word' id='word_1_150' title='bbox 1185 1776 1320 1805; x_wconf 90' lang='lat' dir='ltr'>senza</span> <span class='ocrx_word' id='word_1_151' title='bbox 1348 1762 1391 1804; x_wconf 91' lang='grc'>13</span> <span class='ocrx_word' id='word_1_152' title='bbox 1418 1776 1501 1805; x_wconf 86' lang='lat' dir='ltr'>sua</span> <span class='ocrx_word' id='word_1_153' title='bbox 1528 1760 1755 1818; x_wconf 87' lang='lat' dir='ltr'>presentia</span> <span class='ocrx_word' id='word_1_154' title='bbox 1785 1762 1903 1804; x_wconf 91' lang='lat' dir='ltr'>dub-</span> 
     </span>
     <span class='ocr_line' id='line_1_19' title="bbox 270 1838 1903 1895; baseline 0.001 -14"><span class='ocrx_word' id='word_1_155' title='bbox 270 1838 456 1882; x_wconf 87' lang='lat' dir='ltr'>bitiamo</span> <span class='ocrx_word' id='word_1_156' title='bbox 479 1840 564 1881; x_wconf 93' lang='lat' dir='ltr'>che</span> <span class='ocrx_word' id='word_1_157' title='bbox 585 1839 710 1882; x_wconf 88' lang='lat' dir='ltr'>detta</span> <span class='ocrx_word' id='word_1_158' title='bbox 731 1853 867 1894; x_wconf 89' lang='lat' dir='ltr'>opera</span> <span class='ocrx_word' id='word_1_159' title='bbox 888 1841 1058 1883; x_wconf 80' lang='lat' dir='ltr'>hauera</span> <span class='ocrx_word' id='word_1_160' title='bbox 1080 1838 1185 1882; x_wconf 91' lang='lat' dir='ltr'>delli</span> <span class='ocrx_word' id='word_1_161' title='bbox 1207 1838 1530 1895; x_wconf 88' lang='lat' dir='ltr'>impedimenti.</span> <span class='ocrx_word' id='word_1_162' title='bbox 1559 1840 1616 1883; x_wconf 85' lang='lat' dir='ltr'>Et</span> <span class='ocrx_word' id='word_1_163' title='bbox 1631 1838 1799 1895; x_wconf 83' lang='lat' dir='ltr'>percio,</span> <span class='ocrx_word' id='word_1_164' title='bbox 1820 1840 1903 1882; x_wconf 90' lang='lat' dir='ltr'>ha-</span> 
     </span>
     <span class='ocr_line' id='line_1_20' title="bbox 271 1915 1904 1972; baseline 0 -14"><span class='ocrx_word' id='word_1_165' title='bbox 271 1916 424 1959; x_wconf 89' lang='lat' dir='ltr'>uendo</span> <span class='ocrx_word' id='word_1_166' title='bbox 455 1916 498 1959; x_wconf 91' lang='lat' dir='ltr'>la</span> <span class='ocrx_word' id='word_1_167' title='bbox 529 1915 714 1972; x_wconf 87' lang='lat' dir='ltr'>signora</span> <span class='ocrx_word' id='word_1_168' title='bbox 744 1915 945 1959; x_wconf 90' lang='lat' dir='ltr'>duchesa</span> <span class='ocrx_word' id='word_1_169' title='bbox 976 1915 1021 1958; x_wconf 93' lang='lat' dir='ltr'>di</span> <span class='ocrx_word' id='word_1_170' title='bbox 1054 1915 1272 1960; x_wconf 89' lang='lat' dir='ltr'>Fiorenza</span> <span class='ocrx_word' id='word_1_171' title='bbox 1305 1916 1319 1937; x_wconf 64' lang='grc'>3</span> <span class='ocrx_word' id='word_1_172' title='bbox 1355 1916 1466 1959; x_wconf 91' lang='lat' dir='ltr'>fatto</span> <span class='ocrx_word' id='word_1_173' title='bbox 1503 1915 1672 1959; x_wconf 89' lang='lat' dir='ltr'>instare</span> <span class='ocrx_word' id='word_1_174' title='bbox 1704 1916 1746 1960; x_wconf 92' lang='lat' dir='ltr'>el</span> <span class='ocrx_word' id='word_1_175' title='bbox 1777 1915 1904 1959; x_wconf 89' lang='lat' dir='ltr'>detto</span> 
     </span>
     <span class='ocr_line' id='line_1_21' title="bbox 273 1992 1906 2050; baseline 0 -14"><span class='ocrx_word' id='word_1_176' title='bbox 273 1993 386 2036; x_wconf 89' lang='lat' dir='ltr'>Rdo.</span> <span class='ocrx_word' id='word_1_177' title='bbox 413 1993 503 2035; x_wconf 93' lang='lat' dir='ltr'>don</span> <span class='ocrx_word' id='word_1_178' title='bbox 519 1993 691 2050; x_wconf 89' lang='lat' dir='ltr'>Jacobo</span> <span class='ocrx_word' id='word_1_179' title='bbox 714 1994 798 2035; x_wconf 92' lang='lat' dir='ltr'>che</span> <span class='ocrx_word' id='word_1_180' title='bbox 819 1992 923 2036; x_wconf 91' lang='lat' dir='ltr'>vadi</span> <span class='ocrx_word' id='word_1_181' title='bbox 945 2008 971 2036; x_wconf 94' lang='lat' dir='ltr'>a</span> <span class='ocrx_word' id='word_1_182' title='bbox 999 1993 1231 2049; x_wconf 89' lang='lat' dir='ltr'>predicare</span> <span class='ocrx_word' id='word_1_183' title='bbox 1259 1994 1317 2046; x_wconf 80' lang='lat' dir='ltr'>la,</span> <span class='ocrx_word' id='word_1_184' title='bbox 1342 1992 1389 2036; x_wconf 92' lang='lat' dir='ltr'>in</span> <span class='ocrx_word' id='word_1_185' title='bbox 1411 1994 1447 2036; x_wconf 92' lang='lat' dir='ltr'>F</span> <span class='ocrx_word' id='word_1_186' title='bbox 1449 1992 1645 2046; x_wconf 84' lang='lat' dir='ltr'>iorenza,</span> <span class='ocrx_word' id='word_1_187' title='bbox 1675 1992 1723 2036; x_wconf 92' lang='lat' dir='ltr'>in</span> <span class='ocrx_word' id='word_1_188' title='bbox 1746 1999 1906 2047; x_wconf 88' lang='lat' dir='ltr'>questa</span> 
     </span>
     <span class='ocr_line' id='line_1_22' title="bbox 271 2068 1904 2125; baseline 0.001 -13"><span class='ocrx_word' id='word_1_189' title='bbox 271 2068 633 2125; x_wconf 88' lang='lat' dir='ltr'>quadragesima,</span> <span class='ocrx_word' id='word_1_190' title='bbox 654 2070 847 2112; x_wconf 91' lang='lat' dir='ltr'>hauemo</span> <span class='ocrx_word' id='word_1_191' title='bbox 865 2069 1023 2113; x_wconf 92' lang='lat' dir='ltr'>scritto</span> <span class='ocrx_word' id='word_1_192' title='bbox 1040 2069 1087 2112; x_wconf 93' lang='lat' dir='ltr'>in</span> <span class='ocrx_word' id='word_1_193' title='bbox 1104 2084 1205 2114; x_wconf 89' lang='lat' dir='ltr'>esso</span> <span class='ocrx_word' id='word_1_194' title='bbox 1222 2070 1321 2113; x_wconf 93' lang='lat' dir='ltr'>loco</span> <span class='ocrx_word' id='word_1_195' title='bbox 1335 2070 1392 2114; x_wconf 93' lang='lat' dir='ltr'>de</span> <span class='ocrx_word' id='word_1_196' title='bbox 1409 2069 1628 2113; x_wconf 90' lang='lat' dir='ltr'>Fiorenza</span> <span class='ocrx_word' id='word_1_197' title='bbox 1644 2084 1670 2113; x_wconf 90' lang='lat' dir='ltr'>a</span> <span class='ocrx_word' id='word_1_198' title='bbox 1687 2072 1749 2113; x_wconf 92' lang='lat' dir='ltr'>M.</span> <span class='ocrx_word' id='word_1_199' title='bbox 1770 2069 1904 2113; x_wconf 89' lang='lat' dir='ltr'>Carlo</span> 
     </span>
     <span class='ocr_line' id='line_1_23' title="bbox 274 2145 1904 2203; baseline -0.001 -13"><span class='ocrx_word' id='word_1_200' title='bbox 274 2148 466 2191; x_wconf 88' lang='lat' dir='ltr'>Lercaro</span> <span class='ocrx_word' id='word_1_201' title='bbox 486 2145 532 2188; x_wconf 93' lang='lat' dir='ltr'>in</span> <span class='ocrx_word' id='word_1_202' title='bbox 555 2160 690 2190; x_wconf 92' lang='lat' dir='ltr'>nome</span> <span class='ocrx_word' id='word_1_203' title='bbox 711 2146 828 2189; x_wconf 90' lang='lat' dir='ltr'>della</span> <span class='ocrx_word' id='word_1_204' title='bbox 849 2146 1049 2203; x_wconf 91' lang='lat' dir='ltr'>signoria</span> <span class='ocrx_word' id='word_1_205' title='bbox 1071 2147 1211 2190; x_wconf 88' lang='lat' dir='ltr'>Illma.</span> <span class='ocrx_word' id='word_1_206' title='bbox 1232 2161 1281 2190; x_wconf 90' lang='lat' dir='ltr'>se</span> <span class='ocrx_word' id='word_1_207' title='bbox 1299 2147 1482 2203; x_wconf 87' lang='lat' dir='ltr'>adoperi</span> <span class='ocrx_word' id='word_1_208' title='bbox 1500 2160 1585 2190; x_wconf 93' lang='lat' dir='ltr'>con</span> <span class='ocrx_word' id='word_1_209' title='bbox 1603 2161 1703 2190; x_wconf 88' lang='lat' dir='ltr'>essa</span> <span class='ocrx_word' id='word_1_210' title='bbox 1721 2146 1904 2203; x_wconf 88' lang='lat' dir='ltr'>signora</span> 
     </span>
     <span class='ocr_line' id='line_1_24' title="bbox 269 2222 1903 2280; baseline 0 -14"><span class='ocrx_word' id='word_1_211' title='bbox 269 2224 476 2278; x_wconf 87' lang='lat' dir='ltr'>duquesa</span> <span class='ocrx_word' id='word_1_212' title='bbox 498 2225 583 2266; x_wconf 93' lang='lat' dir='ltr'>che</span> <span class='ocrx_word' id='word_1_213' title='bbox 604 2224 647 2266; x_wconf 91' lang='lat' dir='ltr'>la</span> <span class='ocrx_word' id='word_1_214' title='bbox 669 2222 735 2266; x_wconf 89' lang='lat' dir='ltr'>sia</span> <span class='ocrx_word' id='word_1_215' title='bbox 758 2231 972 2267; x_wconf 88' lang='lat' dir='ltr'>contenta</span> <span class='ocrx_word' id='word_1_216' title='bbox 993 2225 1095 2268; x_wconf 91' lang='lat' dir='ltr'>chel</span> <span class='ocrx_word' id='word_1_217' title='bbox 1123 2224 1231 2268; x_wconf 89' lang='lat' dir='ltr'>resti</span> <span class='ocrx_word' id='word_1_218' title='bbox 1259 2239 1350 2279; x_wconf 92' lang='lat' dir='ltr'>qua</span> <span class='ocrx_word' id='word_1_219' title='bbox 1377 2238 1457 2280; x_wconf 91' lang='lat' dir='ltr'>per</span> <span class='ocrx_word' id='word_1_220' title='bbox 1485 2224 1676 2279; x_wconf 86' lang='lat' dir='ltr'>qualche</span> <span class='ocrx_word' id='word_1_221' title='bbox 1704 2230 1855 2279; x_wconf 90' lang='lat' dir='ltr'>tempo</span> <span class='ocrx_word' id='word_1_222' title='bbox 1877 2237 1903 2266; x_wconf 89' lang='lat' dir='ltr'>a</span> 
     </span>
     <span class='ocr_line' id='line_1_25' title="bbox 269 2299 1897 2357; baseline 0 -15"><span class='ocrx_word' id='word_1_223' title='bbox 269 2307 432 2354; x_wconf 89' lang='lat' dir='ltr'>questo</span> <span class='ocrx_word' id='word_1_224' title='bbox 451 2300 557 2354; x_wconf 83' lang='lat' dir='ltr'>fine3</span> <span class='ocrx_word' id='word_1_225' title='bbox 577 2307 623 2343; x_wconf 92' lang='lat' dir='ltr'>et</span> <span class='ocrx_word' id='word_1_226' title='bbox 639 2301 731 2343; x_wconf 89' lang='lat' dir='ltr'>cosi</span> <span class='ocrx_word' id='word_1_227' title='bbox 748 2300 1014 2357; x_wconf 85' lang='lat' dir='ltr'>preghiamo</span> <span class='ocrx_word' id='word_1_228' title='bbox 1030 2301 1073 2344; x_wconf 91' lang='lat' dir='ltr'>la</span> <span class='ocrx_word' id='word_1_229' title='bbox 1089 2302 1143 2344; x_wconf 88' lang='lat' dir='ltr'>R.</span> <span class='ocrx_word' id='word_1_230' title='bbox 1165 2302 1217 2344; x_wconf 93' lang='lat' dir='ltr'>V.</span> <span class='ocrx_word' id='word_1_231' title='bbox 1239 2302 1340 2355; x_wconf 90' lang='lat' dir='ltr'>che,</span> <span class='ocrx_word' id='word_1_232' title='bbox 1360 2300 1592 2357; x_wconf 89' lang='lat' dir='ltr'>parendoli</span> <span class='ocrx_word' id='word_1_233' title='bbox 1609 2315 1635 2344; x_wconf 88' lang='lat' dir='ltr'>a</span> <span class='ocrx_word' id='word_1_234' title='bbox 1651 2299 1897 2357; x_wconf 89' lang='lat' dir='ltr'>proposito,</span> 
     </span>
    </p>
   </div>
   <div class='ocr_carea' id='block_1_6' title="bbox 275 2411 538 2417">
    <p class='ocr_par' dir='ltr' id='par_1_7' title="bbox 275 2411 538 2417">
     <span class='ocr_line' id='line_1_26' title="bbox 275 2411 538 2417; baseline 0 0"><span class='ocrx_word' id='word_1_235' title='bbox 275 2411 538 2417; x_wconf 95' lang='lat' dir='ltr'> </span> 
     </span>
    </p>
   </div>
   <div class='ocr_carea' id='block_1_7' title="bbox 266 2465 1904 3045">
    <p class='ocr_par' dir='ltr' id='par_1_8' title="bbox 270 2465 1900 2572">
     <span class='ocr_line' id='line_1_27' title="bbox 345 2465 1900 2514; baseline 0.001 -14"><span class='ocrx_word' id='word_1_236' title='bbox 345 2469 353 2488; x_wconf 93' lang='lat'><strong>¹</strong></span> <span class='ocrx_word' id='word_1_237' title='bbox 404 2467 462 2501; x_wconf 88' lang='lat' dir='ltr'>Ex</span> <span class='ocrx_word' id='word_1_238' title='bbox 492 2465 670 2512; x_wconf 86' lang='lat' dir='ltr'>originali</span> <span class='ocrx_word' id='word_1_239' title='bbox 699 2466 738 2501; x_wconf 91' lang='lat' dir='ltr'>in</span> <span class='ocrx_word' id='word_1_240' title='bbox 762 2467 844 2501; x_wconf 88' lang='lat' dir='ltr'>vol.</span> <span class='ocrx_word' id='word_1_241' title='bbox 876 2467 1009 2513; x_wconf 80' lang='lat' dir='ltr'>Epist.</span> <span class='ocrx_word' id='word_1_242' title='bbox 1042 2466 1405 2509; x_wconf 85' lang='lat' dir='ltr'>Communitatum‚</span> <span class='ocrx_word' id='word_1_243' title='bbox 1430 2466 1577 2514; x_wconf 90' lang='lat' dir='ltr'>duplici</span> <span class='ocrx_word' id='word_1_244' title='bbox 1604 2466 1712 2513; x_wconf 86' lang='lat' dir='ltr'>folio,</span> <span class='ocrx_word' id='word_1_245' title='bbox 1740 2479 1783 2502; x_wconf 93' lang='lat' dir='ltr'>n.</span> <span class='ocrx_word' id='word_1_246' title='bbox 1819 2468 1900 2512; x_wconf 81' lang='lat'>165,</span> 
     </span>
     <span class='ocr_line' id='line_1_28' title="bbox 270 2524 484 2572; baseline 0 -12"><span class='ocrx_word' id='word_1_247' title='bbox 270 2525 378 2572; x_wconf 90' lang='lat' dir='ltr'>prius</span> <span class='ocrx_word' id='word_1_248' title='bbox 399 2524 484 2561; x_wconf 88' lang='lat'>133.</span> 
     </span>
    </p>

    <p class='ocr_par' dir='ltr' id='par_1_9' title="bbox 266 2583 1904 2926">
     <span class='ocr_line' id='line_1_29' title="bbox 339 2583 1903 2631; baseline 0.001 -13"><span class='ocrx_word' id='word_1_249' title='bbox 339 2586 353 2606; x_wconf 79' lang='lat'><em>2</em></span> <span class='ocrx_word' id='word_1_250' title='bbox 404 2585 447 2619; x_wconf 87' lang='lat' dir='ltr'>P.</span> <span class='ocrx_word' id='word_1_251' title='bbox 465 2585 635 2630; x_wconf 88' lang='lat' dir='ltr'>Jacobus</span> <span class='ocrx_word' id='word_1_252' title='bbox 650 2584 806 2627; x_wconf 89' lang='lat' dir='ltr'>Lainez,</span> <span class='ocrx_word' id='word_1_253' title='bbox 822 2584 932 2630; x_wconf 87' lang='lat' dir='ltr'>eujus</span> <span class='ocrx_word' id='word_1_254' title='bbox 947 2585 1126 2631; x_wconf 88' lang='lat' dir='ltr'>epistola,</span> <span class='ocrx_word' id='word_1_255' title='bbox 1141 2585 1304 2620; x_wconf 92' lang='lat' dir='ltr'>Genuae</span> <span class='ocrx_word' id='word_1_256' title='bbox 1319 2594 1341 2629; x_wconf 93' lang='lat'>4</span> <span class='ocrx_word' id='word_1_257' title='bbox 1355 2583 1529 2631; x_wconf 88' lang='lat' dir='ltr'>Januarii</span> <span class='ocrx_word' id='word_1_258' title='bbox 1547 2592 1636 2630; x_wconf 90' lang='lat'>1555</span> <span class='ocrx_word' id='word_1_259' title='bbox 1654 2584 1758 2631; x_wconf 90' lang='lat' dir='ltr'>data,</span> <span class='ocrx_word' id='word_1_260' title='bbox 1774 2589 1903 2620; x_wconf 87' lang='lat' dir='ltr'>exstat</span> 
     </span>
     <span class='ocr_line' id='line_1_30' title="bbox 268 2643 1903 2691; baseline 0 -13"><span class='ocrx_word' id='word_1_261' title='bbox 268 2643 309 2679; x_wconf 90' lang='lat' dir='ltr'>in</span> <span class='ocrx_word' id='word_1_262' title='bbox 330 2643 475 2679; x_wconf 84' lang='lat' dir='ltr'>Cartas</span> <span class='ocrx_word' id='word_1_263' title='bbox 492 2644 539 2679; x_wconf 83' lang='lat' dir='ltr'>de</span> <span class='ocrx_word' id='word_1_264' title='bbox 559 2644 644 2679; x_wconf 86' lang='lat' dir='ltr'>San</span> <span class='ocrx_word' id='word_1_265' title='bbox 661 2644 841 2691; x_wconf 84' lang='lat' dir='ltr'>Ignacio,</span> <span class='ocrx_word' id='word_1_266' title='bbox 869 2649 895 2679; x_wconf 87' lang='lat' dir='ltr'>t.</span> <span class='ocrx_word' id='word_1_267' title='bbox 921 2652 963 2690; x_wconf 89' lang='lat' dir='ltr'>V,</span> <span class='ocrx_word' id='word_1_268' title='bbox 988 2655 1080 2691; x_wconf 85' lang='lat' dir='ltr'>pag.</span> <span class='ocrx_word' id='word_1_269' title='bbox 1110 2651 1197 2689; x_wconf 88' lang='lat'>417.</span> <span class='ocrx_word' id='word_1_270' title='bbox 1231 2644 1349 2679; x_wconf 89' lang='lat' dir='ltr'>Porro</span> <span class='ocrx_word' id='word_1_271' title='bbox 1374 2644 1414 2679; x_wconf 88' lang='lat' dir='ltr'>in</span> <span class='ocrx_word' id='word_1_272' title='bbox 1442 2655 1488 2679; x_wconf 89' lang='lat' dir='ltr'>ea</span> <span class='ocrx_word' id='word_1_273' title='bbox 1510 2643 1771 2689; x_wconf 88' lang='lat' dir='ltr'>genuensium</span> <span class='ocrx_word' id='word_1_274' title='bbox 1795 2648 1903 2689; x_wconf 92' lang='lat' dir='ltr'>vota,</span> 
     </span>
     <span class='ocr_line' id='line_1_31' title="bbox 266 2701 1904 2749; baseline -0.001 -11"><span class='ocrx_word' id='word_1_275' title='bbox 266 2703 375 2738; x_wconf 90' lang='lat' dir='ltr'>illum</span> <span class='ocrx_word' id='word_1_276' title='bbox 394 2701 556 2748; x_wconf 81' lang='lat' dir='ltr'>apud&#39;se</span> <span class='ocrx_word' id='word_1_277' title='bbox 575 2702 743 2738; x_wconf 85' lang='lat' dir='ltr'>retinere</span> <span class='ocrx_word' id='word_1_278' title='bbox 758 2703 1068 2748; x_wconf 83' lang='lat' dir='ltr'>efflagitantium,</span> <span class='ocrx_word' id='word_1_279' title='bbox 1089 2708 1223 2739; x_wconf 89' lang='lat' dir='ltr'>sancto</span> <span class='ocrx_word' id='word_1_280' title='bbox 1239 2703 1390 2749; x_wconf 87' lang='lat' dir='ltr'>Ignatio</span> <span class='ocrx_word' id='word_1_281' title='bbox 1405 2703 1589 2739; x_wconf 85' lang='lat' dir='ltr'>declarat.</span> <span class='ocrx_word' id='word_1_282' title='bbox 1607 2702 1669 2738; x_wconf 91' lang='lat' dir='ltr'>Ad</span> <span class='ocrx_word' id='word_1_283' title='bbox 1684 2702 1795 2738; x_wconf 89' lang='lat' dir='ltr'>initia</span> <span class='ocrx_word' id='word_1_284' title='bbox 1810 2713 1904 2738; x_wconf 90' lang='lat' dir='ltr'>vero</span> 
     </span>
     <span class='ocr_line' id='line_1_32' title="bbox 267 2761 1904 2809; baseline -0.001 -12"><span class='ocrx_word' id='word_1_285' title='bbox 267 2762 479 2808; x_wconf 86' lang='lat' dir='ltr'>genuensis</span> <span class='ocrx_word' id='word_1_286' title='bbox 497 2761 653 2807; x_wconf 85' lang='lat' dir='ltr'>collegii</span> <span class='ocrx_word' id='word_1_287' title='bbox 670 2761 832 2808; x_wconf 84' lang='lat' dir='ltr'>faciunt,</span> <span class='ocrx_word' id='word_1_288' title='bbox 858 2768 1011 2809; x_wconf 87' lang='lat' dir='ltr'>praeter</span> <span class='ocrx_word' id='word_1_289' title='bbox 1035 2763 1274 2809; x_wconf 86' lang='lat' dir='ltr'>superiorem</span> <span class='ocrx_word' id='word_1_290' title='bbox 1299 2762 1425 2797; x_wconf 85' lang='lat' dir='ltr'>Patris</span> <span class='ocrx_word' id='word_1_291' title='bbox 1450 2761 1662 2803; x_wconf 86' lang='lat' dir='ltr'>SoIdevila,</span> <span class='ocrx_word' id='word_1_292' title='bbox 1689 2761 1789 2797; x_wconf 89' lang='lat' dir='ltr'>aliae</span> <span class='ocrx_word' id='word_1_293' title='bbox 1812 2772 1904 2808; x_wconf 88' lang='lat' dir='ltr'>quo-</span> 
     </span>
     <span class='ocr_line' id='line_1_33' title="bbox 267 2819 1899 2868; baseline -0.001 -13"><span class='ocrx_word' id='word_1_294' title='bbox 267 2832 343 2867; x_wconf 89' lang='lat' dir='ltr'>que</span> <span class='ocrx_word' id='word_1_295' title='bbox 362 2820 537 2866; x_wconf 91' lang='lat' dir='ltr'>ejusdem</span> <span class='ocrx_word' id='word_1_296' title='bbox 556 2821 699 2856; x_wconf 85' lang='lat' dir='ltr'>Lainez</span> <span class='ocrx_word' id='word_1_297' title='bbox 723 2820 925 2866; x_wconf 87' lang='lat' dir='ltr'>epistolae,</span> <span class='ocrx_word' id='word_1_298' title='bbox 943 2833 1039 2868; x_wconf 92' lang='lat' dir='ltr'>quas</span> <span class='ocrx_word' id='word_1_299' title='bbox 1066 2822 1198 2856; x_wconf 81' lang='lat' dir='ltr'>habes.</span> <span class='ocrx_word' id='word_1_300' title='bbox 1214 2820 1254 2856; x_wconf 94' lang='lat' dir='ltr'>in</span> <span class='ocrx_word' id='word_1_301' title='bbox 1284 2819 1442 2863; x_wconf 81' lang='lat' dir='ltr'>Cartas,</span> <span class='ocrx_word' id='word_1_302' title='bbox 1469 2826 1496 2855; x_wconf 91' lang='lat' dir='ltr'>t.</span> <span class='ocrx_word' id='word_1_303' title='bbox 1524 2829 1579 2864; x_wconf 79' lang='lat' dir='ltr'>iv,</span> <span class='ocrx_word' id='word_1_304' title='bbox 1606 2831 1698 2867; x_wconf 89' lang='lat' dir='ltr'>pag.</span> <span class='ocrx_word' id='word_1_305' title='bbox 1723 2819 1899 2865; x_wconf 87' lang='lat'>542-546;</span> 
     </span>
     <span class='ocr_line' id='line_1_34' title="bbox 273 2877 1691 2926; baseline 0 -13"><span class='ocrx_word' id='word_1_306' title='bbox 273 2879 370 2914; x_wconf 83' lang='lat' dir='ltr'>Litt.</span> <span class='ocrx_word' id='word_1_307' title='bbox 395 2880 570 2923; x_wconf 66' lang='lat' dir='ltr'>Quadr„</span> <span class='ocrx_word' id='word_1_308' title='bbox 591 2885 620 2914; x_wconf 89' lang='lat' dir='ltr'>t.</span> <span class='ocrx_word' id='word_1_309' title='bbox 638 2888 694 2925; x_wconf 93' lang='lat'>111,</span> <span class='ocrx_word' id='word_1_310' title='bbox 713 2890 805 2926; x_wconf 85' lang='lat' dir='ltr'>pag.</span> <span class='ocrx_word' id='word_1_311' title='bbox 826 2888 909 2925; x_wconf 88' lang='lat'>291,</span> <span class='ocrx_word' id='word_1_312' title='bbox 929 2885 969 2915; x_wconf 90' lang='lat' dir='ltr'>et</span> <span class='ocrx_word' id='word_1_313' title='bbox 987 2880 1106 2926; x_wconf 87' lang='lat' dir='ltr'>epist.</span> <span class='ocrx_word' id='word_1_314' title='bbox 1131 2891 1247 2926; x_wconf 87' lang='lat' dir='ltr'>supra</span> <span class='ocrx_word' id='word_1_315' title='bbox 1261 2879 1425 2926; x_wconf 86' lang='lat' dir='ltr'>positae,</span> <span class='ocrx_word' id='word_1_316' title='bbox 1444 2891 1483 2914; x_wconf 90' lang='lat' dir='ltr'>n.</span> <span class='ocrx_word' id='word_1_317' title='bbox 1503 2888 1588 2924; x_wconf 83' lang='lat'>924,</span> <span class='ocrx_word' id='word_1_318' title='bbox 1607 2877 1691 2925; x_wconf 88' lang='lat'>939.</span> 
     </span>
    </p>

    <p class='ocr_par' dir='ltr' id='par_1_10' title="bbox 271 2936 1899 3045">
     <span class='ocr_line' id='line_1_35' title="bbox 342 2936 1899 2985; baseline 0 -12"><span class='ocrx_word' id='word_1_319' title='bbox 342 2939 356 2958; x_wconf 68' lang='lat'><strong>³</strong></span> <span class='ocrx_word' id='word_1_320' title='bbox 405 2939 596 2974; x_wconf 89' lang='lat' dir='ltr'>Eleonora</span> <span class='ocrx_word' id='word_1_321' title='bbox 609 2938 658 2974; x_wconf 91' lang='lat' dir='ltr'>de</span> <span class='ocrx_word' id='word_1_322' title='bbox 676 2938 836 2984; x_wconf 80' lang='lat' dir='ltr'>ToIedo,</span> <span class='ocrx_word' id='word_1_323' title='bbox 856 2939 1022 2975; x_wconf 89' lang='lat' dir='ltr'>Cosmae</span> <span class='ocrx_word' id='word_1_324' title='bbox 1040 2938 1088 2974; x_wconf 89' lang='lat' dir='ltr'>de</span> <span class='ocrx_word' id='word_1_325' title='bbox 1115 2938 1277 2974; x_wconf 89' lang='lat' dir='ltr'>Medicis</span> <span class='ocrx_word' id='word_1_326' title='bbox 1296 2950 1407 2983; x_wconf 87' lang='lat' dir='ltr'>uxor,</span> <span class='ocrx_word' id='word_1_327' title='bbox 1431 2937 1480 2974; x_wconf 88' lang='lat' dir='ltr'>de</span> <span class='ocrx_word' id='word_1_328' title='bbox 1504 2949 1579 2985; x_wconf 90' lang='lat' dir='ltr'>qua</span> <span class='ocrx_word' id='word_1_329' title='bbox 1597 2942 1718 2984; x_wconf 88' lang='lat' dir='ltr'>agunt</span> <span class='ocrx_word' id='word_1_330' title='bbox 1739 2936 1899 2980; x_wconf 80' lang='lat' dir='ltr'>cartas,</span> 
     </span>
     <span class='ocr_line' id='line_1_36' title="bbox 271 2997 1373 3045; baseline 0.002 -14"><span class='ocrx_word' id='word_1_331' title='bbox 271 3002 304 3032; x_wconf 88' lang='lat' dir='ltr'>t.</span> <span class='ocrx_word' id='word_1_332' title='bbox 328 3006 370 3042; x_wconf 84' lang='lat'>11,</span> <span class='ocrx_word' id='word_1_333' title='bbox 390 3009 478 3044; x_wconf 88' lang='lat' dir='ltr'>pag.</span> <span class='ocrx_word' id='word_1_334' title='bbox 499 2997 582 3044; x_wconf 90' lang='lat'>339,</span> <span class='ocrx_word' id='word_1_335' title='bbox 602 3003 641 3033; x_wconf 89' lang='lat' dir='ltr'>et</span> <span class='ocrx_word' id='word_1_336' title='bbox 660 2998 861 3033; x_wconf 82' lang='lat' dir='ltr'>POLANCO</span> <span class='ocrx_word' id='word_1_337' title='bbox 880 3009 1175 3045; x_wconf 88' lang='lat' dir='ltr'>saepenumero.</span> <span class='ocrx_word' id='word_1_338' title='bbox 1371 2998 1373 3001; x_wconf 77' lang='grc'>’</span> 
     </span>
    </p>
   </div>
  </div>
 </body>
</html>
