2014 3476
837 248 884 285 23
908 250 1010 293 MAJI
1037 256 1128 294 1554
1685 253 1752 291 199

171 365 285 407 pues
305 364 364 395 an
383 349 504 394 visto
528 350 596 394 las
617 349 851 407 avsencias
879 365 910 407 y
930 351 975 395 la
989 348 1318 407 jndisposicion
1337 348 1412 392 del
1431 348 1593 405 pecho.
1619 346 1796 403 Agora,

172 426 407 483 plaziendo
427 427 471 471 al
497 427 663 480 serior,
692 441 741 472 se
762 427 963 484 supliran
983 428 1050 471 las
1072 426 1204 471 saltas
1229 425 1438 482 pasadas‚
1467 438 1498 480 y
1519 422 1658 468 desde
1679 436 1801 478 aquy

171 503 278 561 pido
304 508 332 548 a
358 505 416 548 V.
448 505 503 550 P.
535 504 579 548 la
605 503 846 560 bendicion
872 519 982 561 para
1008 504 1096 548 ello
1123 518 1155 560 y
1180 517 1289 560 para
1316 502 1440 546 todo.
1470 501 1537 545 La
1568 497 1801 545 santisima

172 581 389 639 Trinjdad
411 588 551 638 tenga
571 585 598 624 a
617 582 674 626 V.
701 582 755 626 P.
779 596 809 638 y
825 585 852 626 a
873 582 1004 626 todos
1022 581 1082 626 de
1102 594 1157 625 su
1180 594 1327 624 mano.
1350 579 1516 623 Amen.
1542 579 1614 621 De
1646 575 1799 621 Vana-

170 659 294 716 doljd
317 671 371 703 22
394 659 451 704 de
473 660 608 715 Mayo
636 669 763 714 1554.
790 660 848 703 V.
871 661 925 703 P.
950 658 1166 715 mjnjmus
1187 656 1324 710 filius,

1459 732 1489 789 †

1369 792 1559 836 ARAoz.

931 1045 1044 1089 su

494 1148 735 1195 JOANNES
761 1146 1101 1185 LAURENTIUS
1128 1147 1199 1183 DE
1222 1145 1481 1182 PATARINI

400 1233 648 1277 PATRI
699 1233 1051 1277 IGNATIO
1104 1232 1202 1275 DE
1253 1228 1586 1274 LOYOLA

735 1335 898 1363 MUTmA
916 1325 962 1361 23
979 1334 1072 1369 mm
1092 1333 1184 1371 1554
1203 1326 1230 1360 ¹.

168 1410 382 1448 viduarum
406 1410 617 1457 collegium
642 1409 816 1446 Mutinae
846 1409 1300 1445 institutum.--Illarum
1324 1406 1412 1454 piae
1439 1404 1807 1442 exercitationes.—

487 1471 548 1506 De
566 1481 609 1506 re
626 1469 841 1505 domestica
859 1480 903 1504 ac
920 1468 1102 1506 familiari
1118 1467 1246 1504 Patris
1264 1466 1479 1503 Laurentii.

967 1551 990 1586 †

945 1588 1035 1631 Ihs.

263 1686 357 1728 Pax
394 1683 500 1740 Xpi.
532 1683 675 1728 Molto
706 1683 824 1727 Rdo.
855 1682 903 1725 in
933 1681 1116 1726 Christo
1154 1681 1318 1725 Padre.
1354 1678 1607 1725 Scriuendo
1632 1677 1743 1734 hogi
1773 1676 1807 1720 il

172 1762 226 1805 P.
252 1762 316 1805 M.
347 1760 526 1817 Philipo
553 1762 569 1782 ¹
598 1776 626 1804 a
652 1761 709 1805 V.
743 1762 797 1804 R.
831 1762 905 1813 Ρ.,
937 1761 998 1803 ho
1025 1766 1215 1816 pensato
1242 1759 1380 1802 aeser’
1412 1757 1530 1800 bene
1551 1754 1596 1798 di
1623 1769 1805 1799 accom-

171 1840 360 1895 pagnar’
385 1845 547 1894 quatro
567 1838 721 1894 parole
740 1836 830 1882 mie
851 1851 939 1880 con
958 1837 1002 1881 16
1022 1836 1068 1879 di
1089 1837 1138 1881 S.
1164 1837 1219 1879 R.
1245 1836 1303 1878 Et
1324 1833 1445 1877 circa
1467 1818 1501 1875 ¹il
1530 1831 1724 1888 negocio
1746 1832 1806 1876 de

170 1915 213 1959 le
232 1915 410 1959 vedoue
427 1916 460 1967 ³,
479 1914 707 1958 dominica
722 1913 925 1971 proxime
947 1920 1128 1970 passata
1148 1912 1186 1956 si
1207 1912 1437 1955 concluse.
1465 1911 1522 1953 Et
1544 1909 1711 1966 perche
1727 1908 1806 1965 gia

169 1991 200 2034 il
221 2005 422 2036 vescouo
443 1992 459 2013 ⁴
481 1993 629 2035 hauea
650 1991 898 2048 presentito
920 1992 1004 2034 che
1026 1989 1088 2033 dil
1109 1996 1237 2033 votto
1258 1988 1304 2032 di
1324 1989 1368 2031 la
1387 1986 1639 2031 vbedienza
1664 1993 1710 2028 et
1740 1985 1804 2028 dil

170 2070 334 2111 mutar’
364 2069 615 2112 confessor’
645 2067 786 2111 niuna
812 2068 943 2111 uolea
971 2066 1197 2120 assentir’,
1222 2065 1260 2109 si
1288 2066 1314 2108 ἑ
1342 2063 1635 2107 accomodato
1662 2061 1709 2105 in
1741 2062 1804 2105 tal

171 2145 322 2198 modo,
347 2147 432 2190 che
454 2159 544 2189 non
566 2160 686 2188 anno
707 2145 822 2188 fatto
844 2151 973 2187 votto
996 2144 1176 2196 alcuno‚
1200 2149 1247 2185 et
1268 2141 1596 2185 dimandorono
1618 2154 1644 2182 a
1665 2145 1800 2191 tutte,

171 2223 255 2266 che
277 2223 425 2278 quelle
447 2223 532 2265 che
554 2220 790 2266 voleuansi
811 2222 1056 2264 confessar’
1076 2234 1163 2263 con
1184 2218 1276 2272 noi,
1296 2219 1465 2261 dasser'
1484 2231 1627 2273 segno
1643 2216 1777 2260 leuan
1792 2238 1801 2244 —

170 2299 269 2343 dosi
289 2298 336 2342 in
358 2299 504 2356 piede:
530 2306 576 2344 et
597 2298 691 2342 cosi
711 2299 756 2342 la
777 2298 854 2354 piu
875 2305 1003 2354 parte
1024 2296 1063 2340 si
1084 2297 1295 2350 leuorno,
1321 2295 1472 2338 dando
1499 2307 1646 2350 segno
1674 2305 1806 2335 come

170 2390 247 2420 era
267 2375 490 2430 ordinato,
515 2375 560 2419 di
582 2376 716 2418 modo
738 2377 823 2420 che
844 2373 1075 2418 ambiduoi
1102 2371 1346 2416 sacerdotti
1373 2373 1459 2415 che
1487 2369 1614 2426 quiui
1641 2368 1799 2420 siamo,

169 2451 364 2496 oldiamo
385 2452 599 2496 ciascuno
618 2453 661 2496 le
682 2466 765 2496 sue
792 2451 938 2504 solite,
964 2450 1066 2512 apzi
1087 2464 1146 2493 ne
1171 2463 1402 2494 venerano
1429 2446 1476 2490 di
1506 2446 1604 2503 piu,
1635 2445 1805 2502 perche

170 2528 213 2572 la
234 2528 418 2585 signora
439 2528 677 2572 Caualiera
705 2529 894 2572 Cortese
922 2529 954 2579 ⁵,
985 2528 1072 2570 che
1098 2527 1272 2569 noscho
1301 2524 1340 2568 si
1368 2524 1599 2576 confessa,
1630 2523 1655 2565 6
1683 2527 1807 2564 stato

242 2694 253 2714 ¹
303 2693 362 2728 Ex
379 2693 619 2741 autographo
636 2692 677 2728 in
694 2693 775 2728 vol.
800 2692 845 2736 E,
865 2690 1011 2738 duplici
1027 2689 1137 2736 folio,
1155 2701 1194 2726 n.
1213 2688 1274 2735 73,
1292 2689 1400 2737 prius
1421 2696 1501 2733 127.

243 2753 258 2774 ²
307 2751 509 2798 Philippus
527 2752 717 2788 Leernus.

242 2810 257 2830 ²⁵
305 2811 478 2859 Usurpat
494 2811 605 2855 haee,
624 2810 870 2857 explicatque
887 2808 1080 2856 quodnam
1094 2807 1212 2844 fuerit
1229 2807 1450 2843 mutinense
1468 2804 1671 2840 viduarum
1687 2802 1807 2838 colle—

167 2868 292 2915 gium,
311 2869 530 2914 Pommco,
549 2874 579 2905 t.
596 2878 653 2914 iv,
671 2880 760 2916 pag.
780 2877 841 2915 97,
856 2881 894 2904 n.
918 2868 998 2903 181.

240 2928 256 2949 ⁴
304 2928 367 2963 Fr.
388 2927 580 2973 Aegidius
597 2927 813 2974 Foscarari,
831 2926 881 2965 O.
901 2928 962 2969 Ρ.,
981 2926 1030 2962 de
1049 2937 1126 2974 quo
1143 2937 1260 2972 saepe
1278 2924 1464 2961 diximus.

240 2987 255 3009 ⁵
305 2987 470 3022 «Dnam.
497 2985 767 3022 Constantiam
784 2986 1062 3022 Pallavicinam
1080 2984 1319 3022 Cortesiam»
1338 2987 1451 3019 vocat
1470 2982 1685 3022 POLANCQ
1704 2978 1732 3014 l·
1751 2989 1807 3025 ⁰·›

169 3046 270 3083 hanc
288 3050 517 3089 matronam,
536 3056 658 3093 aquae
675 3044 819 3083 fautrix
835 3045 993 3093 collegii
1010 3044 1133 3084 nostri
1148 3043 1356 3091 praecipua
1373 3046 1493 3079 erat».
