2034 3476
288 249 358 287 206
777 251 1017 287 EPISTOLAE
1044 250 1332 296 M1x‘rAE—817

235 352 350 394 hora
374 349 536 394 stiamo
558 351 689 404 bene,
715 350 862 408 gratia
882 351 956 396 del
977 350 1176 408 Signor’.
1205 353 1268 395 M.
1295 351 1468 405 Pietro,
1488 350 1749 408 napolitano
1777 352 1806 405 ²,
1826 350 1873 395 in

240 427 394 472 Padoa
417 428 460 471 fa
481 441 617 484 poco:
642 441 784 485 penso
812 427 957 485 potria
986 428 1145 473 seruir’
1177 429 1318 471 molto
1347 427 1394 471 in
1416 427 1635 472 Venetia:
1660 429 1782 472 hano
1802 427 1874 471 bi-

235 518 388 562 sogno
411 504 456 548 di
477 519 570 548 uno
591 504 786 554 li‘faccia
803 505 850 548 'la
879 504 1118 563 sacrestia,
1150 512 1196 548 et
1223 504 1369 561 potria
1391 518 1555 562 ancora
1586 504 1800 558 studiar’3
1826 518 1876 548 se

241 583 335 638 par’
360 596 382 625 a
408 583 464 626 V.
491 583 544 626 R.
579 584 652 637 Ρ.,
684 581 723 625 si
750 584 879 639 potra
911 582 1114 625 mandar'
1146 580 1264 625 insin
1292 595 1424 638 passa
1445 581 1477 624 il
1503 582 1656 625 caldo:
1690 581 1811 638 dipoi
1837 579 1876 624 si

240 657 387 715 potria
408 659 608 703 mandar’
633 659 690 702 ad
712 659 825 703 altro
848 658 1057 716 collegio,
1083 659 1202 702 doue
1219 659 1413 703 hauesse
1430 657 1674 715 compagni
1690 658 1764 702 del
1779 672 1876 703 me—

238 736 374 780 demo
403 735 569 780 studio.

329 814 471 858 Molto
494 812 555 856 mi
576 827 627 857 so
649 813 877 870 ralegrato
895 812 1013 857 della
1030 811 1256 856 comodita
1272 811 1319 855 di
1334 811 1521 871 scriuer'
1546 827 1572 855 a
1588 811 1781 857 Venetia
1797 826 1877 870 per

238 889 283 933 16
304 890 586 934 occorrentie
608 888 892 946 quotidiane,
918 895 964 933 et
985 888 1023 932 si
1044 891 1176 945 potra
1198 888 1436 945 proueder’
1473 904 1499 933 a
1519 889 1659 934 molte
1685 903 1805 934 cose.
1832 890 1876 934 A

241 968 384 1011 Roma
404 966 604 1011 seriuero
626 966 737 1023 ogni
765 965 1004 1011 settimana
1033 966 1106 1010 del
1133 968 1241 1009 star'
1273 972 1428 1010 nostro
1458 974 1503 1011 et
1531 965 1636 1010 delli
1663 965 1898 1038 scholari,-

239 1043 363 1100 quali
383 1058 465 1087 son
488 1045 599 1086 hora
621 1043 635 1086 i
658 1043 769 1101 (sic),
795 1042 917 1099 quali
941 1043 1045 1086 fano
1064 1043 1206 1086 frutto
1222 1042 1329 1086 nelli
1352 1042 1494 1087 buoni
1517 1043 1708 1087 costumi
1730 1050 1776 1087 et
1792 1044 1879 1087 let-

240 1123 342 1164 ter'.
370 1120 481 1164 Asai
503 1134 696 1176 persone
718 1119 757 1163 si
779 1133 863 1163 son
884 1119 1171 1163 comunicato
1193 1120 1278 1164 alla
1300 1126 1565 1177 pentecoste
1582 1126 1627 1165 et
1649 1120 1691 1165 al
1704 1134 1878 1177 corpus

242 1196 444 1241 Domini:
471 1212 647 1253 sempre
669 1195 707 1240 si
727 1203 941 1241 aumenta
964 1195 996 1239 il
1017 1211 1208 1240 numero
1230 1196 1337 1240 delli
1358 1196 1610 1250 confitenti,
1635 1203 1682 1241 et
1703 1196 1740 1241 si
1762 1197 1879 1242 uede

243 1273 354 1330 ogni
376 1273 538 1330 giorno
562 1272 640 1329 pisi
662 1273 693 1316 il
715 1274 856 1316 frutto
879 1272 938 1318 de
959 1272 1121 1329 quelli,
1146 1275 1232 1317 che
1255 1273 1293 1317 si
1321 1274 1593 1318 confessano
1613 1288 1700 1317 con
1723 1273 1814 1318 noi.
1848 1274 1882 1317 Π

245 1350 429 1407 Signor'
456 1350 497 1394 ci
519 1350 592 1394 dia
614 1349 761 1407 gratia
782 1364 959 1407 sempre
984 1350 1066 1394 far'
1091 1350 1120 1393 il
1142 1365 1225 1394 suo
1248 1357 1380 1394 santo
1402 1351 1561 1395 voler’.

336 1428 600 1483 Inscriptio:
630 1427 689 1471 Al
719 1427 859 1470 molto
886 1427 1002 1471 Rdo.
1033 1427 1081 1470 in
1108 1428 1195 1471 X.⁰
1223 1428 1386 1481 Padre,
1412 1427 1443 1471 11
1465 1429 1519 1472 Ρ,
1545 1430 1607 1472 Μ.
1633 1427 1812 1485 Ignatio
1835 1427 1880 1470 di

244 1504 431 1560 Loyola,
458 1503 686 1561 preposito
708 1503 924 1561 generale
945 1504 1062 1548 della
1086 1504 1370 1562 Compagnia
1392 1504 1438 1548 di
1458 1504 1619 1559 Giessz,
1649 1504 1696 1548 in
1718 1506 1876 1549 Roma.

333 1581 441 1642 fllia
457 1595 615 1623 manu:
637 1580 775 1640 [R.ta]
796 1580 903 1624 addi
930 1592 981 1636 31
1002 1581 1144 1626 detto.

1012 1833 1119 1874 sn

862 1934 1070 1971 CAESAR
1096 1935 1262 1971 HELMI

617 2029 803 2073 PATRI
836 2030 1099 2075 IGNATIO
1132 2018 1227 2075 DE.
1248 2032 1509 2076 LOYOLA

791 2144 984 2172 VENETns
1011 2136 1057 2172 26
1081 2146 1174 2180 MAJI
1201 2145 1293 2183 1554
1309 2140 1338 2174 ².

250 2228 379 2264 Dubia
406 2228 595 2275 quaedam
630 2228 823 2275 proponit.
837 2229 1064 2266 —Andreas
1096 2230 1333 2278 Lipomanus
1360 2243 1567 2278 germanos
1602 2232 1777 2280 hospites
1807 2244 1878 2268 suo

320 2293 476 2335 sumptu
494 2289 598 2323 alere
615 2288 1038 2325 recusat.-Sociorum
1057 2290 1237 2326 Venetiis
1258 2291 1580 2328 commorantium
1598 2303 1725 2328 mores
1750 2303 1795 2328 ae
1813 2303 1879 2328 na-

319 2351 407 2383 tura
422 2345 894 2383 describuntur.—Status
912 2348 1362 2395 collegii.-—Amicorum
1380 2350 1508 2386 studia
1526 2355 1566 2386 et
1582 2350 1706 2386 favor.

1008 2449 1107 2543 Jffs.

339 2588 498 2633 Gratia
519 2595 565 2634 et
586 2604 673 2646 pax
691 2588 820 2646 Xpi.,
845 2597 932 2634 etc.
960 2592 1100 2636 Molto
1118 2592 1231 2636 Rdo.
1255 2593 1401 2637 Padre
1422 2593 1470 2637 in
1490 2593 1686 2638 ChristO.
1714 2593 1877 2650 Quelle

250 2664 297 2708 di
324 2677 376 2723 19
396 2665 470 2710 del
491 2672 699 2723 presente
720 2665 766 2709 di
788 2667 845 2711 V.
871 2668 925 2711 R.
952 2667 992 2711 ci
1014 2670 1164 2736 hanno
1181 2670 1288 2713 dato
1309 2685 1336 2714 a
1357 2670 1463 2714 tutti
1480 2671 1654 2728 grande
1669 2671 1877 2741 consolaf

251 2740 394 2786 tione:
428 2742 460 2784 il
491 2742 663 2800 Signor
687 2742 754 2786 sia
780 2743 838 2787 de
866 2751 986 2788 tutto
1014 2745 1211 2790 laudato.
1244 2748 1349 2803 Qua
1376 2748 1402 2791 e
1428 2747 1626 2792 arriuato
1657 2748 1688 2791 il
1721 2750 1773 2792 Ρ.
1810 2749 1873 2792 M.

324 2913 335 2933 ¹
385 2910 485 2947 Vide
503 2910 596 2959 quid
612 2911 759 2948 dietum
775 2911 824 2948 de
843 2924 890 2949 eo
908 2918 969 2950 est
986 2926 1123 2962 nuper,
1141 2921 1271 2953 annot.
1293 2918 1521 2964 penultima.

300 2971 335 3035 α’
385 2970 444 3064 {x
461 2970 757 3018 autographoin
775 2972 853 3009 vol.
879 2972 1195 3020 Informationes
1216 2976 1422 3023 antiquae,
1447 2976 1593 3024 duplici
1618 2976 1724 3022 folio,
1744 2989 1782 3013 n.
1812 2985 1874 3024 91,

251 3039 357 3075 pr1us
376 3037 397 3064 2
423 3038 464 3075 5.
