2060 3432
858 286 899 324 17
925 279 1025 323 MAJ1
1053 286 1143 325 1555
1693 279 1765 326 667

184 383 259 425 eta
278 381 432 437 d'annj
457 390 529 436 52,
554 382 691 424 homo
711 380 786 438 pio
807 394 834 424 e
854 381 913 425 da
932 382 1064 433 bene,
1089 386 1135 425 et
1155 379 1202 423 di
1222 381 1361 424 molta
1382 380 1688 426 edificatione:
1721 382 1811 439 eglj

188 458 318 502 entro
339 459 457 503 nella
477 457 759 515 Compagnia
779 459 934 501 l'anno
955 458 1027 502 del
1055 467 1164 513 1552
1187 457 1260 514 allj
1285 469 1340 513 23
1363 457 1409 501 di
1431 457 1612 515 Luglio.

277 535 438 592 Doppo
458 535 520 591 luj
543 536 618 579 v’e
633 535 670 591 jl
692 535 840 580 Padre
859 536 950 578 don
969 534 1134 579 Gioan.
1155 536 1191 578 F
1193 548 1407 579 rancesco
1424 535 1655 589 Brunello,
1679 534 1815 578 citta-

190 611 296 656 dino
317 612 363 655 di
387 614 566 665 Parma,
590 612 714 656 d'eta
734 612 780 655 di
796 611 899 668 annj
924 612 995 656 28:
1019 612 1081 668 luj
1105 612 1131 656 e
1149 617 1329 655 versato
1350 612 1468 656 nelle
1488 612 1648 656 lettere
1675 611 1813 654 d'hu-

190 688 373 741 manita,
396 688 535 732 latine
556 695 602 733 et
622 688 792 746 graecj‚
816 688 932 733 delle
947 689 1080 745 quale
1097 688 1254 733 faceua
1269 687 1547 745 professione
1562 687 1712 732 inanzi
1729 689 1817 733 che

190 772 393 810 entrasse
419 765 537 809 nella
566 764 873 822 Compagnia:
904 771 951 809 et
978 766 1004 809 e
1030 779 1221 822 persona
1247 765 1387 809 molto
1413 771 1666 808 costumata
1695 771 1742 808 et
1768 763 1814 807 di

186 842 326 898 buonj
350 841 575 898 desiderij:
599 841 718 885 intro
738 842 857 886 nella
876 841 1158 899 Compagnia
1178 841 1226 885 in
1248 843 1472 899 Bologna,
1492 841 1565 886 del
1592 851 1719 896 1551,
1739 841 1813 884 alli

189 931 214 963 2
236 920 294 963 de
317 920 528 965 Ottobre.

275 996 311 1039 Il
334 998 386 1040 P.
418 998 481 1040 M.
513 995 781 1041 Sebastiano
802 996 1036 1050 Collacho,
1059 997 1354 1053 portughese,
1384 996 1470 1040 che
1492 1009 1569 1040 era
1594 1001 1736 1040 rettor
1764 1001 1812 1038 et

189 1072 310 1130 prior
331 1073 449 1118 della
470 1072 724 1129 parochiale
749 1072 901 1116 chiesa
922 1074 982 1118 de
1007 1079 1137 1117 santa
1164 1071 1307 1117 Maria
1327 1072 1374 1116 di
1401 1071 1573 1129 Vargia
1593 1077 1812 1128 portuga-

189 1150 297 1207 lese.
324 1151 438 1193 Esso
453 1150 480 1193 e
502 1158 609 1193 nato
625 1149 672 1193 in
689 1156 808 1195 terra
824 1149 1047 1194 chiamata
1061 1149 1242 1194 Dauilla
1256 1149 1302 1192 di
1319 1150 1559 1203 Santaren,
1577 1155 1624 1192 et
1644 1149 1670 1192 e
1691 1148 1817 1191 d'eta

191 1227 345 1283 d'annj
372 1239 443 1282 31:
469 1227 598 1271 entro
619 1227 738 1271 nella
754 1226 1051 1285 Compagnia,
1070 1227 1143 1272 del
1164 1236 1291 1282 1553,
1311 1241 1338 1270 a
1359 1238 1384 1269 2
1402 1226 1459 1269 de
1476 1225 1749 1278 Settembre,
1768 1223 1817 1267 in

193 1303 418 1360 Bologna:
443 1304 469 1348 e
489 1304 624 1346 homo
645 1303 783 1347 molto
803 1304 956 1348 zeloso
978 1304 1052 1349 del
1072 1305 1243 1347 honore
1263 1302 1309 1346 di
1329 1302 1472 1357 Iddio,
1497 1302 1559 1346 tal
1585 1303 1670 1346 che
1692 1300 1814 1345 desi-

190 1380 298 1424 dera
319 1380 486 1423 andare
506 1394 587 1437 per
608 1379 707 1423 sino
734 1380 852 1424 nelle
878 1379 1003 1424 Indie
1023 1394 1103 1437 per
1124 1379 1296 1423 aiutare
1323 1379 1410 1423 alla
1437 1378 1734 1423 conuersione
1755 1377 1814 1421 de

189 1457 339 1512 quelle
359 1470 528 1514 pouere
549 1455 711 1501 anime.
734 1456 898 1513 Questi
918 1471 1031 1500 sono
1053 1456 1068 1500 i
1089 1455 1226 1500 Padri
1246 1457 1331 1500 che
1351 1455 1389 1500 si
1411 1462 1606 1499 trouano
1625 1454 1718 1511 qui.

278 1532 332 1577 Li
360 1533 520 1589 fratellj
544 1547 672 1577 sono:
698 1533 871 1586 Primo,
903 1535 966 1578 M.
996 1534 1250 1578 Francesco
1273 1531 1486 1589 Scipione
1510 1532 1541 1585 ¹,
1571 1531 1807 1588 spagnolo,

189 1610 328 1654 d'vna
349 1617 468 1655 terra
488 1612 573 1655 che
593 1610 632 1654 si
652 1609 827 1655 chiama
843 1610 1074 1664 Moraleia‚
1098 1609 1247 1654 vicina
1267 1610 1354 1654 alla
1369 1609 1478 1653 citta
1495 1610 1551 1653 de
1567 1607 1807 1665 Madrigal.

189 1687 273 1744 Luj
297 1689 356 1731 ha
376 1687 502 1731 datto
523 1701 660 1744 opera
680 1688 766 1731 alla
782 1687 1045 1745 gramatica,
1069 1686 1295 1732 rethorica
1315 1693 1362 1732 et
1381 1687 1541 1731 lettere
1562 1684 1711 1742 graecj
1730 1698 1813 1741 per

190 1763 355 1820 cinque
375 1763 498 1820 annj,
523 1770 568 1809 et
588 1778 682 1808 vno
703 1779 822 1808 anno
842 1765 902 1808 ha
922 1763 1120 1808 studiato
1135 1763 1254 1808 nella
1269 1762 1476 1807 dialetica
1491 1762 1609 1806 nella
1624 1761 1810 1806 vniuer-

191 1840 278 1885 sita
297 1840 343 1884 di
364 1841 639 1886 Salamanca.
658 1841 791 1899 Dipoj
815 1855 865 1885 se
880 1857 940 1887 ne
955 1841 1074 1885 ando
1089 1842 1175 1885 alla
1190 1839 1438 1885 vniuersita
1453 1840 1510 1883 de
1527 1837 1715 1896 Pariggi
1731 1851 1813 1895 per

191 1917 376 1961 studiar’
393 1917 675 1975 philosophia
690 1924 736 1962 et
752 1917 995 1975 theologia,
1015 1924 1061 1961 et
1075 1917 1244 1961 intrare
1259 1916 1364 1974 dipo
1381 1917 1499 1961 nella
1514 1914 1809 1972 Compagnia.

190 1994 390 2051 Piacque
411 1995 453 2038 al
475 1994 658 2052 Signor’
681 1996 766 2041 che
780 1995 826 2038 in
843 1996 983 2041 breue
999 2002 1166 2052 tempo,
1185 1993 1307 2052 dipoi
1328 1995 1378 2038 fu
1393 1994 1575 2047 andato,
1595 1993 1713 2036 fosse
1729 1992 1810 2036 ad—

188 2086 336 2116 messo
356 2072 475 2117 nella
497 2072 794 2129 Compagnia,
814 2079 859 2117 et
875 2072 921 2115 di
939 2071 1122 2129 Pariggi
1136 2072 1254 2116 dalla
1274 2070 1536 2123 obedienza,
1555 2070 1703 2126 doppo
1720 2068 1813 2113 due

188 2148 292 2204 annj
318 2163 344 2193 e
364 2163 507 2202 mezo,
533 2149 582 2192 fu
602 2148 826 2193 chiamato
847 2164 874 2193 a
894 2150 1058 2202 Roma,
1089 2155 1135 2192 et
1161 2149 1187 2192 e
1215 2147 1412 2204 giouane
1441 2148 1499 2192 de
1521 2157 1575 2202 25
1605 2145 1733 2202 annj,
1763 2144 1809 2187 di

187 2225 341 2268 buono
371 2224 555 2282 spirito,
585 2224 719 2282 pieno
745 2225 791 2268 di
822 2225 960 2281 buonj
989 2224 1197 2281 desiderij
1211 2258 1221 2278 ,
1255 2224 1502 2268 bonissimo
1530 2221 1753 2267 rhetorico
1784 2235 1813 2265 e

190 2314 348 2358 greco:
379 2302 508 2345 entro
528 2302 646 2346 nella
678 2301 958 2359 Compagnia
978 2302 1086 2347 nell'
1114 2315 1233 2345 anno
1261 2301 1335 2345 del
1368 2311 1494 2357 1550,
1523 2300 1555 2343 il
1582 2299 1725 2357 primo
1753 2299 1811 2342 de

190 2378 466 2423 Nouembre.

280 2455 452 2498 L'altro
473 2455 499 2499 e
521 2457 583 2499 M.
609 2455 875 2500 Sebastiano
897 2457 1137 2512 Megense,
1161 2455 1278 2499 della
1304 2453 1537 2512 prouincia
1562 2453 1619 2497 de
1639 2454 1675 2496 F
1677 2466 1815 2496 ranza

191 2532 277 2576 che
297 2530 335 2574 si
356 2530 532 2575 chiama
553 2531 766 2577 Bariense
780 2565 790 2585 ,
820 2532 959 2576 d'vna
985 2539 1104 2577 terra
1133 2532 1258 2576 detta
1282 2532 1619 2587 Nantomagno.
1645 2517 1683 2572 E
1709 2527 1810 2585 gio-

192 2622 309 2652 uane
329 2614 509 2652 versato
524 2608 641 2653 nelle
657 2609 816 2653 lettere
830 2609 888 2654 de
903 2608 1151 2661 humanita,
1170 2607 1308 2652 latine
1324 2614 1369 2652 et
1384 2621 1535 2662 grece,
1556 2612 1601 2650 et
1616 2606 1642 2649 e
1658 2606 1813 2648 buono

189 2690 338 2741 poeta,
363 2691 408 2729 et
428 2685 489 2727 ha
509 2683 814 2729 introdutione
834 2685 893 2730 de
914 2684 1137 2739 dialetica,
1160 2690 1207 2728 et
1227 2685 1253 2728 e
1273 2683 1319 2727 di
1339 2685 1413 2728 eta
1434 2684 1491 2727 de
1513 2693 1567 2737 25
1586 2681 1708 2737 annj:
1727 2695 1810 2725 en-

189 2760 274 2813 tro,
298 2760 372 2804 del
398 2770 524 2816 1552,
549 2761 667 2805 nella
688 2761 987 2819 Compagnia,
1012 2760 1043 2804 il
1064 2760 1226 2818 giorno
1253 2761 1370 2806 della
1395 2758 1759 2804 circumcisione:
1784 2759 1813 2802 ὁ

187 2851 381 2893 persona
402 2836 448 2880 di
462 2838 615 2880 buona
636 2837 935 2894 espettatione
955 2837 1003 2881 in
1024 2838 1156 2882 vertt‘i
1172 2845 1218 2883 et
1237 2837 1377 2893 huonj
1401 2835 1610 2891 costumj.

277 2914 312 2957 11
335 2920 458 2958 terzo
480 2914 506 2958 e
527 2913 764 2959 Saluatore
780 2914 965 2970 Lencio,
984 2915 1124 2959 d'vna
1139 2921 1258 2959 terra
1273 2915 1330 2958 de
1345 2914 1567 2970 Bologna,
1586 2910 1812 2956 chiamata

265 3082 276 3103 ¹
327 3080 440 3117 Alibi>
451 3085 611 3117 vocatur
627 3081 810 3118 Bordon.
