2014 3476
865 269 886 305 5
910 258 1014 302 MAJ1
1042 266 1135 305 1554
1710 257 1776 304 169

682 612 926 661 JOANNES
950 613 1317 651 PELLETARIUS

542 699 730 742 PATRI
767 699 1032 743 IGNATIO
1070 698 1155 742 DE
1192 699 1455 743 LOYOLA

721 802 935 829 FERRARIA
959 801 980 839 5
1004 802 1099 838 MAJI
1126 801 1218 839 1554
1241 793 1270 829 ⁴.

174 877 235 912 De
253 877 400 924 templo
418 888 463 912 ac
481 876 644 913 aedibus
662 876 798 913 Sancti
815 876 984 924 Spiritus
1002 877 1146 913 nostris
1164 878 1213 913 ab
1231 877 1404 913 Hercule
1422 876 1472 913 de
1485 878 1600 922 Este,
1620 878 1820 914 Ferrariae

818 937 935 984 duce,
953 936 1177 984 assignatis.

981 1021 1012 1080 †

263 1124 330 1167 La
351 1123 499 1180 gratia
515 1130 562 1168 et
581 1138 710 1180 pace,
731 1130 819 1169 etc.
844 1123 1006 1169 Scriuo
1023 1130 1186 1179 questa
1201 1123 1551 1168 estraordinaria
1571 1139 1598 1168 a
1614 1124 1657 1166 13
1680 1126 1732 1168 Ρ.
1755 1125 1813 1168 V.

174 1215 254 1257 per
277 1200 472 1245 auisarla
493 1214 626 1245 come
646 1200 679 1243 il
699 1200 858 1258 signor
878 1201 1159 1245 Alessandro
1181 1201 1218 1244 F
1219 1199 1363 1244 iaschi
1385 1202 1400 1222 ³
1424 1203 1485 1243 m'
1510 1202 1570 1244 ha
1590 1200 1817 1245 chiamato

173 1283 337 1333 questa
354 1277 540 1331 matina,
561 1284 607 1322 et
622 1278 749 1321 detto
765 1279 851 1322 che
873 1278 923 1323 S.
949 1276 1086 1321 Ecc.a
1108 1292 1200 1321 non
1222 1278 1326 1320 vole
1342 1277 1662 1334 constringere
1679 1278 1818 1334 quelli

173 1353 394 1407 huomini,
419 1354 450 1397 li
473 1354 595 1410 quali
617 1369 730 1398 sono
751 1353 955 1398 inuestiti
977 1355 1036 1399 de
1057 1354 1208 1411 quella
1230 1354 1383 1398 chiesa
1404 1361 1451 1398 et
1473 1355 1724 1400 casamenti
1745 1356 1819 1398 del

172 1430 343 1488 Spirito
364 1438 512 1484 santo,
538 1433 625 1476 che
653 1432 1018 1476 absolutamente
1039 1431 1081 1474 ci
1111 1431 1247 1474 diano
1269 1431 1300 1474 il
1328 1432 1488 1488 luogo,
1512 1432 1680 1488 perche
1701 1432 1819 1476 seria

172 1515 331 1565 troppo
352 1515 506 1565 presto
529 1508 638 1552 sarci
660 1507 843 1566 potroni
864 1509 911 1551 d’
936 1523 1000 1551 un
1028 1509 1091 1552 tal
1112 1509 1268 1566 luogo;
1295 1523 1368 1552 ma
1395 1510 1482 1553 che
1503 1510 1604 1553 vole
1626 1511 1712 1554 che
1732 1511 1809 1553 ha-

167 1585 318 1629 biamo
346 1586 472 1630 detto
499 1587 641 1644 luogo
670 1601 752 1643 per
777 1586 805 1628 l'
831 1600 913 1630 uso
942 1593 1102 1630 nostro
1128 1586 1290 1639 libero,
1317 1594 1363 1630 et
1385 1588 1470 1629 che
1498 1586 1587 1630 mai
1616 1586 1816 1643 potiamo

164 1677 317 1708 essere
337 1663 523 1708 scaciati
544 1663 590 1707 di
611 1679 730 1717 esso,
749 1665 808 1707 ne
830 1663 1058 1707 molestati
1079 1663 1124 1706 in
1148 1663 1339 1707 nissuno
1362 1664 1497 1708 modo
1514 1678 1651 1708 senza
1672 1665 1716 1707 la
1732 1679 1816 1708 sua

163 1741 408 1795 authorita;
433 1741 622 1786 insieme
644 1756 731 1785 con
752 1741 862 1786 vtile
890 1742 948 1786 de
969 1740 1052 1785 lire
1074 1748 1209 1785 cento
1238 1741 1284 1784 in
1312 1741 1433 1785 circa
1454 1741 1564 1799 ogni
1587 1756 1707 1785 anno
1730 1744 1815 1787 che

165 1819 429 1871 haueremo,
461 1826 507 1863 et
537 1818 583 1862 di
612 1827 775 1876 questo
806 1819 909 1863 vole
938 1819 979 1863 ci
1008 1818 1097 1863 faci
1130 1818 1434 1863 instrumento
1464 1820 1569 1872 tale,
1601 1834 1731 1864 come
1764 1834 1814 1864 se

169 1895 432 1939 fussessimo
454 1896 651 1953 patroni,
677 1898 844 1954 perche
866 1897 938 1940 col
961 1903 1112 1953 tempo
1141 1898 1242 1940 sera
1268 1896 1379 1953 ogni
1407 1910 1514 1940 cosa
1540 1903 1713 1940 nostra.
1742 1898 1817 1940 Ma

167 1972 266 2029 sapi
287 1973 332 2016 13
352 1974 406 2016 P.
428 1975 486 2018 V.
507 1975 593 2018 che
608 1974 666 2017 de
683 1973 762 2030 qui
778 1973 935 2018 danari
952 1974 996 2017 la
1017 1973 1138 2017 bona
1153 1980 1298 2030 parte,
1319 1988 1449 2017 come
1466 1975 1621 2028 credo,
1641 1975 1743 2017 sera
1759 1974 1817 2018 de

167 2049 454 2107 indulgentie
481 2052 583 2094 chel
609 2051 780 2108 Spirito
802 2058 935 2095 santo
961 2051 1007 2094 di
1035 2053 1180 2095 Roma
1200 2052 1261 2095 ha
1281 2048 1501 2094 'concesso
1522 2066 1549 2094 a
1571 2051 1633 2094 tal
1654 2051 1810 2108 luogo,

169 2133 217 2171 et
233 2126 275 2169 ci
292 2128 518 2172 mandeno
534 2127 581 2171 in
598 2130 743 2172 Roma
764 2128 900 2172 etiam
923 2128 1040 2182 altri,
1062 2135 1109 2176 at
1130 2129 1227 2171 loro
1249 2128 1495 2171 darannoci
1512 2143 1538 2171 a
1559 2128 1636 2172 noi
1657 2127 1704 2171 in
1721 2129 1813 2172 ele-

170 2205 361 2259 mosina,
381 2219 509 2249 come
527 2206 665 2250 fanno
682 2207 740 2250 ad
755 2207 870 2251 altre
886 2221 1099 2263 persone,
1119 2213 1166 2250 et
1188 2213 1455 2263 prometano
1471 2206 1813 2250 accommodare

170 2282 202 2324 l'
225 2282 439 2338 echiesia,
463 2291 551 2327 etc.
577 2285 644 2328 La
666 2286 720 2328 P.
747 2285 804 2329 V.
831 2284 873 2328 ci
895 2284 1012 2329 auisi
1033 2284 1111 2341 piu
1133 2290 1286 2340 presto
1302 2285 1389 2328 che
1410 2283 1600 2340 potraci‚
1625 2291 1671 2327 et
1693 2284 1812 2327 doue

169 2373 262 2402 non
278 2359 538 2416 giudicasse
553 2360 862 2416 conuenienti,
881 2375 954 2405 me
970 2361 1121 2404 scriua
1136 2361 1179 2404 13
1195 2360 1391 2418 risposta
1407 2362 1492 2404 che
1510 2361 1606 2404 faro
1617 2361 1660 2403 al
1676 2361 1808 2411 duca,

166 2435 199 2478 il
216 2437 370 2492 quale,
393 2439 575 2493 quando
597 2452 647 2481 se
668 2445 810 2483 mette
832 2439 1026 2494 qualche
1043 2453 1150 2482 cosa
1166 2437 1214 2481 in
1235 2453 1366 2495 capo,
1386 2453 1479 2482 non
1502 2439 1527 2481 e
1550 2437 1681 2482 facile
1703 2437 1811 2481 reti-

167 2513 301 2567 rar103
326 2521 372 2557 et
393 2516 576 2571 quando
598 2515 783 2572 giudica
803 2515 987 2560 douersi
1010 2516 1105 2560 fare
1126 2514 1174 2558 in
1195 2522 1357 2571 questo
1384 2516 1520 2558 modo
1543 2529 1569 2557 o
1591 2514 1637 2556 in
1660 2514 1811 2569 quello

167 2590 363 2634 alchuna
390 2605 512 2644 cosa,
544 2591 586 2635 ci
613 2591 942 2649 scandaleggia
969 2607 1019 2635 se
1046 2606 1138 2635 non
1160 2593 1186 2636 ὲ
1208 2599 1434 2636 accettata
1462 2607 1545 2635 sua
1567 2590 1806 2641 sententia,

166 2666 380 2711 massime
401 2669 584 2724 quando
607 2677 738 2713 torna
759 2670 818 2713 ad
839 2669 949 2713 vtile
970 2668 1154 2712 daltrui.

257 2743 497 2800 Pigliando
528 2746 617 2790 tale
648 2752 856 2800 assunto,
882 2760 973 2789 non
1003 2745 1069 2803 gli
1096 2747 1122 2789 ἑ
1151 2745 1306 2803 obligo
1339 2746 1523 2799 nisuno,
1548 2746 1606 2788 ne
1633 2759 1743 2789 cura
1765 2744 1810 2786 di

239 2887 250 2906 ¹
301 2885 360 2920 Ex
377 2888 617 2934 autographo
634 2888 675 2923 in
692 2889 775 2924 vol.
799 2889 845 2932 E,
864 2887 1012 2935 duplici
1029 2887 1139 2934 folio,
1158 2900 1198 2924 n,
1218 2887 1279 2933 58,
1296 2888 1404 2935 prius
1422 2887 1483 2934 96,
1502 2895 1565 2933 97.

235 2946 249 2965 ²
300 2943 402 2980 Vide
432 2945 551 2991 epist.
581 2945 787 2991 783.-De
813 2948 960 2994 templo
987 2952 1028 2983 et
1053 2948 1138 2983 loco
1163 2946 1298 2983 Sancti
1329 2947 1498 2994 Spiritus
1529 2958 1574 2982 ac
1600 2945 1650 2981 de
1675 2946 1809 2991 rebus,

165 3013 266 3049 quae
283 3002 324 3039 in
340 3004 413 3039 hac
430 3004 596 3051 epistola
613 3011 843 3052 tractantur,
861 3007 1023 3042 consule
1041 3006 1259 3050 POLANCO‚
1281 3011 1310 3042 t.
1328 3015 1385 3052 IV,
1405 3017 1498 3053 pag.
1522 3005 1646 3050 65-66‚
1666 3017 1704 3040 n.
1728 3012 1812 3049 117-

170 3060 250 3103 118,
269 3062 336 3109 qui
353 3063 554 3108 negotium
570 3065 645 3100 hoc
662 3065 812 3101 evolvit
830 3071 1082 3114 mentemque
1099 3066 1244 3113 Ignatii
1262 3066 1401 3114 aperit.
