2014 3470
362 316 433 351 404
852 308 1090 345 Epis-roms
1115 309 1404 346 MxxrAE—883

314 409 372 451 de
409 409 596 464 Loyola,
638 410 866 466 preposito
903 412 1117 468 generale
1153 411 1211 454 de
1247 412 1289 455 la
1327 413 1612 470 Compagnia
1647 412 1692 456 di
1723 415 1849 471 Jessi.
1894 415 1945 458 In

314 486 471 528 Roma.
926 484 932 491 ’
1952 493 1958 496 ”

399 563 507 604 Alia
528 577 686 606 manu:
707 565 807 607 R.ta
837 563 910 608 alli
938 577 988 622 19
1010 564 1055 607 di
1077 565 1350 609 Nouembre.

1067 798 1189 839 883

889 899 1150 936 SANCTIUS
1177 899 1365 937 OCHOA

680 984 866 1027 PATRI
897 984 1158 1027 IGNATIO
1191 984 1273 1027 DE
1305 983 1564 1028 LOYOLA

732 1087 872 1113 MONTE
889 1086 1043 1113 REGALI
1060 1086 1106 1123 24
1129 1086 1336 1114 OCTOBRIS
1357 1086 1447 1124 1554
1476 1080 1504 1114 ¹.

308 1162 352 1197 In
369 1173 576 1208 puerorum
595 1147 881 1196 institutionem
898 1160 1001 1196 serio
1019 1160 1249 1197 incumbunt
1274 1160 1630 1198 socii.—Laborum
1657 1168 1698 1199 et
1722 1163 1938 1202 industriae

375 1219 818 1256 fructus.--Christiana
849 1219 1037 1256 virtutum
1065 1221 1243 1267 exempla
1260 1221 1309 1255 ab
1341 1220 1436 1267 ipsis
1462 1221 1592 1268 pueris
1624 1222 1935 1272 edita.—Aliqui

374 1281 510 1315 horum
529 1279 577 1314 ad
595 1279 831 1314 Societatem
849 1279 1085 1315 afficiuntur.
1100 1300 1130 1304 -
1142 1279 1241 1315 Aliis
1269 1278 1387 1315 etiam
1413 1280 1599 1327 proximis
1626 1281 1739 1318 datur
1755 1294 1935 1330 opera.—

373 1339 579 1386 Templum
613 1338 851 1374 aedificatur.
862 1339 1009 1374 -Inter
1042 1339 1138 1374 haec
1172 1349 1355 1386 prospera
1388 1339 1555 1375 vicarius
1585 1343 1936 1388 monteregalensis

375 1400 518 1434 nostris
537 1409 636 1434 unus
654 1409 742 1433 sese
759 1398 920 1445 opponit
938 1403 978 1434 et
997 1398 1215 1434 molestiam
1235 1398 1362 1434 affert.

951 1481 1083 1576 Jhiis.
1116 1517 1274 1562 Maria.

313 1629 315 1631 ’
391 1616 486 1656 Pax
501 1613 686 1656 Christi.
708 1614 849 1657 Molto
866 1613 980 1656 Rdo.
1002 1612 1050 1655 in
1067 1612 1249 1656 Christo
1271 1613 1430 1657 Padre.
1454 1615 1542 1658 Per
1558 1613 1659 1657 altri
1676 1614 1737 1657 mi
1755 1615 1933 1659 ricordo

300 1692 441 1734 hauer
463 1690 619 1733 scritto
637 1705 662 1732 a
679 1691 736 1733 V.
760 1692 811 1733 P.
833 1689 1232 1746 particularmente
1248 1689 1295 1732 in
1313 1690 1502 1746 longo'l’
1522 1690 1839 1735 informatione
1855 1693 1930 1738 del

298 1767 542 1824 procedere
563 1773 718 1810 nostro
735 1774 780 1811 et
796 1766 901 1811 delli
918 1765 1133 1821 essercitij
1153 1766 1198 1809 di
1216 1774 1376 1822 questo
1393 1774 1549 1810 nostro
1566 1782 1720 1811 nuouo
1736 1770 1932 1827 collegio

298 1846 343 1889 di
367 1845 631 1897 Montereal,
658 1850 784 1886 tanto
808 1843 927 1887 circa
947 1843 977 1886 li
1006 1843 1214 1895 scholari,
1241 1857 1369 1887 come
1398 1844 1471 1887 del
1498 1845 1652 1900 legere
1680 1845 1799 1890 della
1826 1847 1928 1890 dot—

298 1922 415 1967 trina
445 1922 688 1966 christiana
715 1922 821 1966 nell'
853 1920 1087 1977 hospitale,
1119 1927 1165 1963 et
1192 1921 1266 1965 del
1294 1920 1525 1977 predicare
1553 1922 1657 1965 nell’
1693 1922 1842 1967 abatia
1871 1924 1929 1968 de

296 2006 427 2043 santo
451 2000 612 2042 Crasto
634 1999 719 2043 alle
746 1999 983 2051 monache,
1014 2006 1060 2041 et
1087 1998 1160 2041 del
1189 1998 1329 2041 frutto
1351 1999 1436 2041 che
1458 1997 1495 2042 si
1518 2005 1769 2055 aspettaua,
1801 2007 1929 2044 tanto

296 2077 369 2121 nel
391 2091 482 2119 vno
503 2090 631 2120 come
653 2076 757 2120 nell’
782 2077 895 2118 altro
917 2076 950 2129 2;
975 2076 1100 2132 pero,
1126 2090 1206 2131 per
1227 2089 1322 2118 non
1344 2075 1423 2118 dar
1440 2074 1619 2119 fastidio
1636 2091 1662 2119 a
1684 2077 1741 2120 V.
1767 2078 1822 2120 R.
1849 2079 1924 2131 P.,

296 2169 390 2197 non
412 2169 485 2198 me
506 2153 754 2198 distendito
776 2153 822 2195 in
844 2152 1042 2198 scriuere
1065 2153 1214 2208 quello
1243 2151 1289 2194 in
1317 2151 1586 2208 particulare
1609 2154 1692 2197 che
1715 2154 1791 2210 gia
1811 2155 1926 2198 hab—

297 2231 444 2275 biamo
467 2230 639 2285 scritto,
664 2245 713 2275 se
734 2245 825 2273 non
848 2231 1094 2274 solamente
1116 2229 1163 2272 in
1185 2243 1374 2282 summa,
1395 2243 1476 2285 per
1492 2228 1710 2274 informat
1725 2245 1751 2273 a
1767 2232 1825 2275 V.
1847 2232 1924 2285 R.,

296 2314 340 2350 et
368 2308 449 2351 dar
478 2307 713 2351 occasione
744 2307 789 2349 di
817 2306 1058 2351 ricordarsi
1086 2306 1250 2362 quello,
1283 2307 1367 2349 che
1389 2305 1465 2363 gia
1485 2306 1726 2350 habbiamo
1749 2307 1921 2351 scritto.

298 2385 413 2429 Pero
436 2391 606 2440 quanto
628 2383 702 2427 alli
715 2384 923 2437 scholari,
942 2385 997 2428 V.
1025 2385 1079 2427 R.
1101 2385 1232 2440 Sapra
1248 2384 1332 2428 che
1349 2383 1682 2439 perseueriamo
1699 2384 1806 2427 nelli
1827 2399 1924 2429 me—

294 2461 453 2505 desimi
476 2460 709 2517 essercitij,
735 2460 835 2504 cioe
857 2460 903 2504 in
925 2462 1078 2518 legere
1100 2467 1145 2504 et
1167 2460 1409 2517 insegnare
1426 2474 1511 2503 con
1535 2467 1653 2504 tutta
1670 2462 1711 2504 la
1728 2460 1923 2518 diligen-

294 2538 356 2582 tia
378 2540 462 2581 che
483 2538 520 2581 si
543 2539 633 2594 puo
655 2539 697 2581 la
718 2538 915 2582 dottrina
937 2537 1196 2591 christiana,
1221 2544 1267 2581 et
1288 2538 1330 2581 le
1356 2551 1463 2580 cose
1491 2536 1569 2593 pisi
1602 2537 1855 2582 necessarie
1877 2537 1922 2581 di

293 2630 450 2672 sapere
473 2631 499 2658 a
522 2615 631 2672 ogni
654 2614 913 2669 christiano;
939 2630 1031 2659 non
1052 2616 1161 2671 pero
1183 2615 1392 2658 lassando
1421 2629 1506 2658 con
1537 2620 1654 2658 tutto
1684 2621 1844 2670 questo
1865 2615 1923 2658 de

293 2692 534 2750 insegnare
556 2699 602 2736 et
630 2692 803 2736 aiutare
832 2706 999 2735 ancora
1020 2691 1067 2734 in
1094 2692 1253 2736 lettere
1283 2693 1479 2735 humane
1509 2706 1534 2734 a
1562 2690 1699 2746 quelli
1726 2692 1811 2734 che
1838 2705 1921 2735 son

293 2769 460 2826 capaci.
487 2771 544 2813 Et
566 2771 590 2813 e
613 2784 718 2813 cosa
739 2769 784 2812 di
807 2769 1048 2827 ringratiar
1069 2784 1095 2812 a
1123 2774 1280 2812 nostro
1302 2769 1497 2825 Segnor,
1524 2769 1608 2811 che
1631 2767 1663 2809 li
1686 2766 1842 2824 figlioli
1863 2767 1922 2812 de

293 2846 377 2891 trei
404 2853 449 2890 et
477 2854 637 2902 quatro
665 2846 771 2890 anni
797 2861 948 2890 vanno
977 2861 1058 2903 per
1088 2846 1131 2890 la
1162 2846 1334 2898 strada,
1366 2845 1547 2901 quando
1575 2858 1772 2888 nescano
1804 2843 1921 2887 della

365 2993 374 3012 ¹
426 2991 483 3025 Ex
510 2990 748 3037 autographo
772 2989 812 3025 in
830 2991 907 3025 vol.
934 2990 981 3036 E,
1007 2988 1153 3036 duplici
1170 2988 1278 3035 folio,
1304 2999 1343 3023 n.
1371 2996 1428 3033 95,
1459 2987 1564 3034 prius
1595 2986 1831 3032 191.—Usus
1857 2989 1919 3020 est

291 3053 362 3087 hac
380 3051 494 3098 epist.
520 3051 734 3096 POLANCO‚
760 3055 788 3085 t.
815 3059 870 3096 1v,
889 3061 977 3097 pag.
997 3049 1168 3094 225-226‚
1187 3060 1225 3084 n.
1246 3055 1315 3093 505
1334 3052 1374 3084 et
1392 3059 1500 3095 seqq.

361 3113 374 3132 ²
426 3109 525 3146 Vide
545 3110 659 3156 epist.
679 3107 763 3155 834,
782 3120 870 3156 pag.
891 3118 977 3154 245.
