2060 3450
0 2949 18 3117 arm-*1*-
0 2865 7 2935 ·-⁷·''

795 246 839 284 14
862 239 1063 286 JANUARJJ
1092 247 1181 285 1555
1342 247 1345 251 ·
1685 245 1755 282 515

165 355 312 386 exire.
327 341 432 384 Non
447 340 623 392 dubito,
637 339 674 382 si
688 338 944 396 superiores
960 339 1017 382 de
1033 339 1243 384 omnibus
1254 341 1373 384 bene
1386 338 1617 383 informati
1631 345 1799 390 essent,

176 416 306 461 facile
321 423 549 460 mutarent
565 416 850 470 sententiam;
875 430 1014 472 quare
1030 431 1300 474 cuperemus
1316 416 1432 460 scire
1448 415 1664 469 rationes,
1686 429 1803 470 quae

172 493 429 550 superiores
456 500 719 546 mouerunt,
751 500 801 535 vt
829 494 918 538 tale
944 495 1207 537 mandatum
1237 493 1345 537 mihi
1366 494 1584 537 facerent.
1613 494 1803 535 Presen-

175 570 374 614 tauimus
400 584 582 626 quoque
610 571 778 623 bullas,
808 577 859 613 vt
883 570 1090 615 viderent
1117 570 1391 616 Societatem
1418 569 1728 613 confirmatam
1757 575 1804 614 et

165 648 467 704 approbatam
489 663 516 691 a
539 648 647 691 sede
668 647 928 704 apostolica,
953 648 1034 690 sed
1059 662 1136 691 eas
1163 648 1407 691 noluerunt
1427 646 1605 698 videre,
1631 645 1712 690 sed
1737 645 1803 690 le-

174 731 343 781 gerunt
369 738 550 777 causas,
585 738 698 780 quas
729 731 887 767 contra
914 739 986 768 me
1013 725 1262 777 habebant,
1293 737 1485 779 quarum
1515 721 1659 779 prima
1686 728 1800 774 erat,

167 801 298 856 quod
318 802 404 844 sub
425 815 659 856 vesperam
682 800 911 844 ciuitatem
939 801 1055 844 clam
1082 801 1334 845 intrassem.
1362 801 1432 844 23²
1453 806 1565 851 erat,
1590 800 1713 854 quod
1736 798 1804 843 fe-

170 877 337 922 cissem
358 877 692 922 conuenticula.
725 876 812 932 33³,
837 878 958 934 quod
989 877 1257 922 excitassem
1288 876 1638 920 commotionem
1660 882 1707 918 et
1728 882 1803 918 tu—

174 955 367 998 multum
389 954 436 997 in
457 954 656 999 ciuitate.
681 953 770 1009 4⁸,
795 956 916 1011 quod
939 956 1156 999 haberent
1187 954 1296 999 satis
1327 955 1494 997 multos
1525 953 1800 1009 spirituales,

173 1038 221 1075 et
241 1032 584 1075 concionatores
606 1038 652 1076 et
672 1031 895 1075 doctores.
923 1033 1009 1087 5.¹²„
1035 1033 1156 1087 quod
1177 1032 1396 1075 haberent
1415 1029 1525 1074 satis
1546 1030 1691 1092 multa
1712 1043 1805 1072 mo-

173 1108 386 1162 nasteria,
411 1107 647 1164 religiosos
667 1115 714 1151 et
733 1122 970 1164 pauperes.
996 1107 1083 1161 6.⁸,
1109 1109 1230 1164 quod
1251 1107 1476 1164 aliquibus
1498 1106 1803 1150 administras-

173 1200 269 1229 sem
290 1184 546 1230 venerabile
567 1199 732 1241 corpus
752 1185 936 1228 Domini
957 1185 1004 1229 in
1019 1185 1226 1230 ecclesia.
1247 1185 1451 1229 Tandem
1469 1184 1526 1227 ad
1543 1197 1598 1227 ea
1614 1197 1803 1239 respon-

166 1262 283 1306 ›dere
303 1261 467 1317 incepi,
492 1268 538 1306 et
559 1262 798 1305 ostendere
825 1268 916 1304 tres
943 1261 1110 1318 primas
1141 1261 1338 1305 rationes
1368 1275 1470 1305 esse
1502 1261 1653 1312 falsas,
1679 1267 1725 1304 et
1747 1258 1804 1302 ad

174 1339 363 1394 reliqua;
388 1339 470 1382 sed
491 1338 603 1381 nihil
618 1338 828 1394 juuabat‚
859 1353 944 1383 nec
977 1353 1094 1394 quae
1119 1338 1324 1382 dicebam
1357 1338 1620 1389 credebant,
1645 1335 1803 1391 sicque

174 1416 470 1459 concludunt:
495 1416 593 1460 Nec
614 1430 702 1469 me,
728 1429 812 1458 nec
834 1415 1029 1471 aliquem
1058 1415 1299 1460 Societatis
1320 1414 1597 1470 Nouiomagi
1624 1412 1803 1456 habita—

166 1499 343 1545 turum,
368 1507 530 1548 meque
550 1493 716 1536 debere
737 1491 924 1537 ciuitate
945 1492 1068 1537 exire
1089 1499 1195 1536 ante
1216 1491 1336 1537 diem
1364 1491 1651 1535 dominicam.

263 1570 380 1613 Cum
402 1569 602 1614 viderem
624 1583 708 1612 nos
729 1569 841 1612 nihil
861 1570 1095 1625 proficere,
1117 1569 1379 1625 reliquimus
1394 1583 1476 1612 eos
1491 1574 1538 1612 et
1559 1567 1799 1611 abiuimus.

164 1647 483 1690 Condolebam
496 1645 652 1690 amicis
667 1645 893 1699 omnibus,
907 1647 1029 1702 quod
1044 1661 1201 1690 eorum
1216 1646 1340 1689 bono
1355 1645 1578 1690 desiderio
1601 1646 1687 1687 hac
1703 1643 1804 1687 vice
1826 1683 1828 1685 ,

175 1722 378 1766 frustrati
397 1729 564 1766 essent.
591 1723 856 1779 Superiores
886 1723 1199 1780 religiosorum
1228 1729 1273 1766 et
1300 1737 1403 1779 pars
1428 1722 1572 1765 maior
1598 1720 1803 1778 superio-

175 1814 275 1842 rum
297 1799 510 1852 ciuitatis,
535 1799 613 1854 qui
635 1801 720 1842 hac
741 1806 865 1843 secta
885 1799 1081 1843 lutriana
1097 1800 1291 1843 multum
1313 1798 1469 1843 infecti
1491 1806 1598 1842 sunt
1624 1800 1654 1852 ¹,
1678 1797 1804 1840 nullo

175 1877 313 1919 modo
334 1875 608 1921 Societatem
637 1877 754 1919 ferre
778 1883 984 1932 possunt.
1022 1877 1245 1921 Reuertor
1275 1875 1524 1919 Coloniam.
1558 1875 1803 1931 Quomodo

175 1967 277 1997 sese
297 1952 447 1996 omnia
468 1959 571 2009 post
591 1967 743 1997 meum
774 1952 947 1997 abitum
979 1952 1254 2010 Nouiomagi
1279 1954 1552 2004 habuerunt,
1576 1951 1707 1994 breui
1730 1966 1803 1995 re-

175 2028 354 2085 cipiam.
375 2028 688 2073 Communitas
703 2031 821 2074 bene
836 2044 946 2086 erga
963 2029 1234 2074 Societatem
1252 2031 1415 2073 affecta
1431 2035 1516 2082 est,
1530 2042 1670 2084 quare
1686 2029 1803 2072 bene

175 2107 323 2160 adhuc
339 2120 572 2162 speramus
592 2105 638 2148 in
659 2106 856 2149 Domino
877 2107 935 2148 de
950 2105 1398 2162 nouiomagensibus.
1423 2105 1474 2150 Si
1497 2107 1550 2148 P.
1577 2106 1633 2149 V.
1656 2105 1803 2161 placet

174 2190 224 2226 vt
245 2182 485 2238 aliquando
505 2189 723 2235 reuertar,
744 2189 790 2226 et
814 2197 1182 2239 unumquemque
1200 2182 1247 2225 in
1264 2182 1523 2238 particulari
1540 2182 1689 2225 adhuc
1706 2195 1802 2224 me-

175 2259 262 2303 lius
284 2258 537 2311 informem,
564 2259 723 2303 faciam
745 2259 954 2304 libenter.
980 2262 1195 2316 Magnam
1213 2258 1344 2302 nobis
1359 2258 1624 2302 charitatem
1647 2265 1798 2302 osten-

166 2337 341 2381 sderunt
371 2336 503 2379 amici
535 2336 931 2394 nouiomagenses:
960 2337 1055 2393 jam
1093 2336 1310 2382 Societati
1340 2343 1500 2392 parant
1528 2335 1715 2379 calicem
1747 2350 1802 2379 ex

174 2420 383 2470 argento,
408 2428 543 2468 quem
565 2421 610 2456 et
631 2414 932 2468 deaurabunt;
951 2421 1113 2470 parant
1135 2421 1180 2458 et
1201 2414 1315 2456 duas
1332 2413 1478 2470 pullas
1498 2420 1545 2456 et
1566 2427 1722 2469 pacem
1745 2426 1802 2455 ex

176 2496 381 2546 argento.
414 2489 557 2546 Virgo
589 2490 757 2546 optima
787 2505 870 2533 sua
901 2490 1171 2535 vestimenta
1203 2489 1384 2545 reliquit
1413 2504 1494 2546 pro
1521 2490 1689 2542 casula3
1720 2504 1802 2545 pa-

176 2573 334 2609 rantur
370 2566 536 2619 omnia,
573 2581 689 2622 quae
718 2568 775 2610 ad
802 2567 1000 2610 officium
1029 2567 1213 2619 missae,
1246 2574 1291 2611 et
1319 2567 1374 2609 ad
1404 2566 1556 2609 altaris
1592 2572 1800 2608 ornatum

175 2642 417 2699 pertinent.
445 2642 494 2688 Si
515 2643 573 2688 de
594 2643 692 2687 istis
714 2643 760 2686 in
782 2643 1042 2700 particulari
1064 2644 1291 2701 agendum
1314 2649 1450 2695 esset,
1468 2658 1560 2685 vno
1579 2642 1685 2685 folio
1708 2656 1798 2684 non

167 2719 474 2764 absoluerem:
499 2719 642 2775 parati
664 2727 771 2763 sunt
793 2720 925 2763 amici
941 2735 1100 2765 omnes
1120 2719 1167 2763 in
1189 2719 1399 2763 omnibus
1420 2718 1636 2764 Societati
1658 2719 1672 2738 ²
1694 2732 1801 2774 pro—

171 2795 346 2839 uidere.
371 2797 502 2851 Quos
523 2810 680 2839 omnes
711 2811 800 2839 vna
830 2811 1007 2841 mecum
1041 2797 1307 2840 commendo
1336 2798 1389 2840 P.
1422 2797 1480 2839 V.
1513 2803 1558 2839 et
1585 2795 1799 2838 Rdorum.

249 2915 260 2935 ¹
312 2912 414 2958 «Qui
438 2913 519 2948 fere
543 2914 744 2949 lutherana
767 2914 919 2950 haeresi
938 2914 1072 2950 infecti
1091 2919 1238 2950 erant».
1257 2914 1476 2959 POLANCO,
1495 2913 1522 2948 l.
1542 2924 1590 2954 c.‚
1611 2924 1698 2959 pag.
1716 2913 1799 2957 280,

170 2982 216 3007 211.
235 2972 318 3017 767.

246 3033 261 3053 ²
311 3032 388 3067 Ms.
413 3031 665 3068 Societatem.
