2014 3470
343 236 414 284 468
833 236 1069 272 EPJSTOLAE
1099 234 1389 280 M1x‘rAE—906

287 331 405 382 'tiata
425 336 744 382 indiscretione
765 335 903 380 datoli
925 342 1049 378 tanto
1072 335 1246 387 sturbo;
1271 339 1317 377 et
1339 333 1457 377 forse
1479 349 1505 377 a
1527 334 1675 390 quelle
1692 333 1855 388 anime,
1874 334 1922 378 in

293 416 435 472 luogo
458 415 503 457 d'
527 413 734 470 aggiuto,
759 411 995 456 occasione
1016 410 1060 453 di
1082 409 1298 466 perdersi.

383 491 547 548 Questi
569 490 718 548 giomi
738 489 780 533 ci
807 490 832 532 e
860 495 978 532 stato
1006 486 1190 532 referito
1213 501 1341 531 come
1363 486 1394 530 il
1414 487 1639 531 cardinale
1668 488 1919 542 Armelino,

292 571 440 613 bonae
467 567 726 621 memoriae,
757 568 937 610 haueua
963 566 1107 608 anche
1136 565 1249 607 fatto
1276 563 1500 621 applicare
1527 579 1554 607 a
1580 571 1740 620 questo
1768 572 1926 609 nostro

294 647 432 703 luogo
461 659 541 702 per
568 643 827 701 prouisione
854 643 898 684 d’
928 642 1116 686 entrada
1143 643 1221 684 un'
1250 640 1459 694 abbadia,
1484 641 1708 693 chiamata
1734 642 1791 685 de
1812 642 1926 686 Val-

296 724 507 780 deponte,
533 721 731 764 discosta
753 720 811 763 da
835 717 1033 775 Perugia
1055 730 1080 773 7
1102 733 1129 761 o
1159 719 1184 761 8
1214 717 1385 774 miglia,
1418 725 1463 762 et
1487 719 1626 763 rende
1649 718 1776 762 frutti
1803 718 1928 763 circa

295 801 353 844 de
381 799 471 847 vdi
499 812 611 843 1000
633 812 719 841 con
741 803 863 841 certe
885 810 996 840 suoe
1016 795 1171 852 gionte
1199 797 1226 848 ¹,
1251 795 1294 838 la
1316 796 1447 851 quale
1469 795 1660 839 abbadia
1675 796 1717 839 al
1738 809 1923 852 presen-

298 883 342 920 te
360 876 480 921 tiene
496 875 527 917 il
549 874 774 918 cardinale
796 872 917 926 Cesi,
941 887 968 915 0
991 886 1186 916 vescouo
1207 872 1265 916 de
1286 871 1461 928 Nargni
1483 873 1516 924 ³,
1541 878 1587 916 et
1609 873 1657 915 fu
1681 873 1792 917 satta
1812 886 1927 928 que—

299 960 369 997 sta
390 951 690 1009 applicatione
717 965 798 1007 per
819 964 934 1006 papa
957 950 1207 1002 Clemente,
1233 948 1376 993 felicis
1397 949 1733 1003 recordationis,
1758 956 1804 995 et
1824 963 1926 995 cre-

298 1030 394 1073 desi
416 1044 465 1073 se
493 1044 551 1073 ne
579 1026 724 1084 potria
753 1026 947 1070 ritrouar
975 1026 1166 1082 qualche
1193 1040 1299 1069 cosa
1326 1026 1444 1070 nella
1470 1025 1751 1069 cancellaria.
1782 1027 1819 1070 F
1822 1041 1928 1072 orse

297 1109 382 1151 che
404 1107 564 1150 adesso
586 1104 710 1147 Iddio
732 1110 890 1147 nostro
912 1102 1092 1160 signore
1114 1101 1238 1146 daria
1261 1103 1415 1146 fauore
1436 1103 1479 1146 al
1499 1102 1644 1159 primo
1660 1103 1863 1160 desegno
1878 1103 1927 1147 di

298 1189 459 1240 questo
475 1182 614 1238 luogo
630 1180 677 1223 in
693 1179 931 1234 sustantia,
951 1194 1001 1224 se
1017 1194 1109 1223 non
1125 1179 1198 1222 del
1220 1186 1338 1222 tutto
1360 1194 1487 1224 come
1509 1180 1681 1223 al’hora
1701 1182 1738 1223 s’
1762 1179 1926 1238 imagi-
1987 1172 1990 1173 ⁷

299 1274 433 1303 naua.
458 1259 492 1301 Il
514 1256 686 1301 credito
707 1257 824 1301 della
846 1255 1128 1313 Compagnia
1149 1262 1195 1300 et
1216 1270 1432 1312 speranza
1453 1257 1510 1300 de
1532 1257 1672 1299 frutto
1693 1256 1739 1299 in
1767 1265 1928 1312 questa

299 1343 442 1381 terrra
470 1337 505 1378 s'
538 1341 747 1378 aumenta
770 1333 886 1377 assai
913 1348 991 1390 per
1012 1334 1055 1377 la
1076 1333 1164 1377 Dio
1186 1333 1348 1390 gratia,
1373 1334 1410 1377 si
1431 1332 1477 1377 in
1499 1347 1607 1378 cose
1627 1333 1863 1390 spirituali,
1888 1333 1926 1377 si

301 1413 437 1457 etiam
459 1412 506 1455 in
527 1413 702 1464 lettere,
728 1411 846 1455 nelle
868 1410 990 1466 quali
1011 1425 1060 1454 se
1082 1425 1211 1467 spera
1232 1411 1371 1454 molto
1392 1411 1449 1455 da
1470 1411 1607 1455 molte
1628 1425 1834 1467 persone.

390 1491 425 1533 Il
453 1490 627 1534 fratello
656 1488 856 1532 Henrico
886 1489 900 1509 ³
930 1487 1101 1544 patisce
1127 1488 1370 1532 debolezze
1398 1487 1491 1540 tali,
1516 1489 1602 1532 che
1635 1502 1726 1531 non
1747 1488 1778 1531 li
1799 1489 1929 1532 basta
1959 1516 1961 1519 .

300 1567 485 1612 l'animo
502 1567 558 1609 de
576 1580 829 1622 gouernare
844 1579 956 1607 suoa
972 1565 1130 1618 classe,
1151 1571 1196 1609 et
1213 1565 1443 1620 pensando
1460 1565 1579 1608 che’l
1602 1567 1654 1608 P.
1676 1566 1895 1609 Catalano
1912 1565 1927 1586 ⁴

300 1659 387 1687 con
415 1645 540 1688 detto
569 1642 743 1686 fratello
765 1642 807 1684 la
835 1648 1066 1697 potessero
1087 1655 1263 1697 regere,
1295 1656 1367 1685 me
1388 1640 1560 1697 rispose
1581 1641 1611 1683 il
1641 1642 1803 1694 Padre,
1835 1656 1927 1684 non

301 1721 467 1764 uedere
489 1718 677 1776 ragione
698 1720 782 1761 che
804 1718 847 1760 lo
869 1718 1165 1773 persuadesse
1187 1732 1213 1760 a
1233 1716 1422 1773 pigliare
1445 1718 1507 1760 tal
1526 1717 1697 1774 carigo,
1717 1719 1929 1763 hauendo

302 1803 426 1841 tante
448 1797 570 1839 uolte
592 1794 955 1851 esperimentato,
981 1800 1026 1836 et
1047 1807 1133 1836 con
1156 1793 1261 1836 tutti
1282 1793 1295 1836 i
1324 1794 1458 1837 sforzi
1486 1794 1601 1847 suoi,
1633 1796 1717 1838 che
1738 1809 1831 1838 non
1852 1809 1929 1839 era

302 1880 398 1917 atto
413 1888 494 1929 per
511 1873 572 1916 tal
587 1870 752 1924 officio,
774 1870 873 1913 anzi
890 1878 1114 1926 guastaua
1130 1869 1161 1912 li
1182 1870 1375 1915 scholari
1391 1879 1437 1913 et
1457 1879 1681 1928 guastaua
1698 1885 1761 1925 se3
1782 1878 1827 1916 et
1843 1874 1930 1917 che

303 1957 464 2006 questo
485 1948 731 1992 medesimo
755 1954 879 1990 tanto
900 1946 978 2003 piu
999 1946 1029 1989 li
1050 1946 1298 2001 accaderia,
1318 1955 1489 2002 quanto
1507 1962 1668 1991 manco
1687 1948 1927 1992 uoluntieri

303 2026 415 2070 faria
436 2027 498 2069 tal
519 2024 681 2069 officio.
707 2025 764 2067 Et
786 2023 831 2065 in
855 2038 978 2076 uero,
1005 2030 1174 2079 quanto
1195 2024 1423 2080 possiamo
1445 2024 1693 2081 giudicare,
1718 2025 1808 2082 egli
1835 2040 1927 2069 non

303 2105 362 2147 ha
394 2101 632 2147 attitudine
664 2116 690 2144 a
721 2108 897 2156 questo.
933 2102 989 2143 Et
1021 2102 1166 2145 anche
1193 2115 1243 2144 se
1277 2102 1484 2144 sforzaua
1511 2101 1771 2147 inducerme
1806 2101 1931 2146 ch'io

305 2180 528 2223 scriuesse
544 2194 570 2222 a
590 2180 648 2223 V.
669 2180 722 2222 R.
741 2178 813 2220 del
831 2177 1022 2234 bisogno
1039 2179 1111 2221 ch’
1131 2179 1190 2220 ha
1207 2179 1391 2221 d'esser’
1412 2179 1563 2221 leuato
1579 2179 1636 2221 da
1653 2185 1814 2235 questo
1830 2180 1933 2222 luo-

377 2337 388 2356 ¹
439 2313 541 2368 Vide
559 2344 688 2380 supra,
708 2332 825 2379 epist.
850 2332 934 2377 897.

375 2397 388 2416 ‘2
438 2393 654 2440 Episcopus
672 2391 887 2427 narniensis
906 2403 1006 2427 anno
1027 2400 1117 2437 1554
1134 2397 1217 2427 erat
1234 2393 1373 2428 Petrus
1391 2393 1569 2428 Donatus
1583 2393 1687 2435 Cesi,
1707 2393 1774 2440 qui
1790 2405 1933 2441 purpu-

304 2465 346 2489 ra
362 2453 565 2489 decoratus
584 2456 645 2487 est
665 2459 706 2496 17
725 2450 816 2497 Maji
837 2459 939 2496 1570.
959 2451 1105 2486 Romae
1123 2456 1236 2487 natus
1261 2463 1361 2487 anno
1382 2460 1487 2499 1522,
1513 2452 1666 2498 legibus
1684 2453 1868 2489 Perusiae
1885 2465 1933 2489 ac

303 2512 502 2548 Bononiae
520 2523 676 2558 operam
694 2510 815 2546 dedit.
834 2511 996 2546 Romam
1014 2522 1210 2557 reversus,
1231 2510 1292 2546 «in
1311 2512 1397 2546 aula
1414 2510 1630 2547 Cardinalis
1645 2511 1789 2559 Caesii,
1803 2512 1864 2548 sui
1877 2513 1931 2549 af·
1997 2510 2001 2515 ’

303 2572 407 2618 finis,
427 2576 605 2607 versatus
624 2575 698 2616 est,
717 2582 762 2605 ac
780 2572 892 2617 paulo
912 2576 1010 2617 post,
1034 2570 1138 2617 1546,
1154 2570 1428 2606 Narniensium
1446 2571 1625 2607 Pontifex
1643 2576 1702 2607 est
1719 2572 1894 2609 adlectus
1907 2585 1930 2609 a

304 2632 425 2667 Paulo
450 2631 548 2666 111».
584 2631 829 2671 UGHELLUS‚
860 2630 986 2665 Italia
1013 2641 1144 2672 sacra,
1176 2635 1209 2665 t.
1243 2639 1270 2674 1,
1301 2631 1373 2665 col.
1402 2630 1651 2677 1020.—-Ejus
1682 2643 1775 2667 vero
1804 2631 1931 2668 affinis

303 2695 536 2738 purpuratus
555 2689 733 2736 princeps
752 2693 811 2723 est
830 2688 1048 2724 Fridericus
1067 2688 1220 2735 Cesius,
1238 2690 1413 2735 presbyt.
1433 2689 1536 2724 card.
1557 2689 1619 2725 tit.
1638 2690 1678 2725 S.
1699 2679 1891 2727 Pancrati'i
1909 2702 1931 2727 a

305 2750 425 2784 Paulo
455 2749 512 2784 III
541 2753 708 2784 creatus.
735 2746 941 2783 Caeterum
971 2747 1020 2782 de
1050 2747 1153 2783 eard.
1186 2747 1381 2783 Francisci
1411 2748 1615 2784 Armellini
1645 2749 1810 2795 collegio
1836 2750 1932 2786 satis

306 2818 499 2854 superque
529 2806 685 2841 dictum‘
706 2810 766 2841 est
790 2805 829 2840 in
853 2806 1070 2852 POLANCO,
1095 2811 1124 2841 t.
1150 2815 1206 2851 1v,
1231 2818 1319 2854 pag.
1348 2815 1429 2854 157,
1457 2807 1538 2853 158,
1562 2820 1600 2844 n.
1633 2807 1715 2854 319.
1741 2808 1808 2845 Cf.
1838 2809 1933 2846 CR1-

305 2874 468 2909 SPOLTI,
489 2866 673 2913 Perugia
690 2865 893 2912 Augusta,
913 2876 1001 2912 pag.
1019 2865 1078 2911 48.
1103 2884 1107 2888 -

376 2926 390 2945 ⁵
441 2924 540 2959 Vide
559 2924 777 2969 ΡοιΑΝοο,
796 2928 824 2958 t.
844 2933 899 2970 IV,
918 2935 1008 2971 pag.
1031 2933 1201 2971 150-151,
1220 2937 1259 2961 n.
1279 2923 1360 2971 305,
1383 2931 1513 2962 annot.
1535 2937 1570 2972 4.

375 2986 390 3006 ⁴
440 2984 487 3019 P.
513 2984 699 3029 Joannes,
725 2982 791 3030 (ψί
815 2983 1021 3030 aliquando
1048 2983 1303 3028 Catallanus,
1329 2985 1535 3033 aliquando
1558 2998 1651 3022 vero
1679 2986 1934 3023 castellanus

306 3042 465 3079 dicitur.
