2014 3470
784 249 808 285 6
832 248 1049 287 Oc’ronms
1079 257 1171 295 1554
1679 248 1749 284 383

159 354 199 399 si
221 352 490 411 permutassi
512 351 559 394 in
581 352 752 407 quello,
772 351 954 407 quando
975 349 1017 394 ci
1034 350 1236 407 piacesse
1258 351 1549 408 permutarlo‚
1570 351 1654 394 che
1670 351 1795 394 detto

158 433 334 488 luogho
351 445 378 473 o
395 429 424 472 il
443 436 700 486 permutato
722 427 828 471 uadi
849 428 892 471 al
912 427 1125 484 capitolo:
1146 429 1182 471 s’
1202 427 1388 472 intende
1409 428 1591 484 quando
1612 426 1688 470 noi
1706 442 1796 470 non

157 507 401 552 volessimo
423 513 544 550 stare
567 506 613 548 in
638 506 860 562 Bologna,
888 519 916 548 o
935 505 1056 549 nella
1077 504 1262 558 diocesi,
1282 519 1308 548 e
1330 505 1511 560 quando
1532 505 1577 548 la
1599 504 1796 560 Compa-

157 584 267 642 gnia
289 589 444 626 nostra
467 584 749 626 manchasse.
775 582 949 626 Perche
971 586 1132 637 questa
1154 595 1262 625 cosa
1290 595 1382 624 non
1404 580 1465 623 mi
1488 595 1623 637 parea
1653 595 1795 638 gene*-

159 675 257 704 rare
278 675 305 704 a
327 666 481 703 nostra
505 658 793 715 Compagnia
813 657 1111 715 pregiudicio,
1145 659 1203 701 ho
1226 658 1339 701 fatto
1359 672 1508 715 puoca
1530 657 1793 712 resistenza,

159 738 336 781 benche
357 738 418 780 ho
442 737 567 779 detto
589 735 692 778 chio
714 734 774 777 mi
791 741 1006 778 contento
1029 735 1212 791 quando
1228 736 1324 778 cosi
1339 734 1512 792 piaccia
1529 750 1555 778 a
1576 736 1632 778 V.
1650 736 1726 789 R.,
1753 742 1798 779 et

156 813 206 857 in
228 813 298 857 0ἰὸ
321 820 448 857 tanto
472 812 549 869 pisi
578 814 636 855 m'
663 811 894 864 assicurai,
919 818 1090 867 quanto
1111 813 1212 864 che,
1237 812 1451 855 hauendo
1474 811 1546 855 cio
1575 811 1797 856 conferito

160 891 233 934 col
256 892 308 934 P.
337 891 426 934 M.⁰
456 889 641 933 Andrea
662 889 706 931 d’
733 887 930 941 Ouiedo,
957 887 1019 931 mi
1040 888 1160 932 disse
1182 889 1232 934 S.
1258 889 1313 932 R.
1339 890 1425 933 che
1453 888 1501 931 in
1530 888 1679 932 Tiuoli
1701 902 1794 941 era,

158 967 204 1010 in
228 974 354 1012 certa
374 966 542 1010 vnione
559 966 671 1009 satta
694 980 719 1008 a
742 972 897 1008 nostra
913 965 1215 1022 Compagnia,
1229 965 1522 1011 interuenuto
1537 965 1569 1008 il
1590 966 1798 1010 medemo

161 1059 284 1088 caso.

251 1119 502 1164 Domenica
523 1125 701 1175 passata
730 1118 943 1175 gionsero
972 1117 1050 1174 qui
1078 1119 1121 1161 al
1143 1118 1258 1162 tardi
1278 1119 1310 1161 li
1339 1119 1475 1163 Padri
1502 1121 1587 1164 che
1608 1134 1726 1163 vano
1753 1119 1798 1162 in

166 1189 392 1254 Ethyopia
418 1198 446 1248 ¹,
471 1203 518 1240 et
539 1202 706 1239 stetero
730 1195 822 1251 qui,
848 1209 935 1239 eon
956 1195 987 1238 li
1011 1196 1173 1239 fratelli
1189 1197 1274 1240 0110
1291 1197 1528 1240 andauano
1545 1211 1572 1240 a
1593 1198 1629 1240 F
1632 1212 1797 1249 errara,

165 1289 244 1331 per
265 1273 364 1317 sino
386 1273 418 1316 il
438 1280 582 1316 marte
604 1272 789 1325 matina,
814 1273 900 1315 0110
915 1287 997 1329 per
1019 1280 1171 1329 tempo
1193 1272 1231 1316 si
1252 1279 1496 1329 partetero‚
1516 1280 1562 1316 et
1583 1273 1621 1316 si
1637 1287 1791 1317 conso-

165 1351 286 1394 lamo
312 1350 452 1393 molto
480 1350 551 1392 nel
582 1348 792 1405 Signore.
826 1349 861 1391 Il
891 1351 943 1392 P.
977 1348 1263 1402 Sebastiano,
1294 1351 1588 1407 portughese,
1618 1357 1688 1393 sta
1716 1364 1802 1394 con

166 1427 307 1470 molto
334 1425 560 1471 desiderio
587 1426 631 1468 d’
657 1426 825 1469 andare
857 1439 883 1468 0
911 1425 1018 1468 nell'
1043 1424 1168 1468 Indie
1198 1439 1225 1468 o
1253 1424 1300 1468 in
1324 1426 1564 1482 Ethyopia,
1594 1433 1641 1470 et
1667 1427 1803 1470 eredo

165 1506 266 1548 sara
286 1504 457 1556 buono,
481 1516 562 1559 per
584 1516 734 1547 essere
755 1516 950 1558 persona
971 1501 1017 1545 di
1038 1503 1178 1545 molta
1198 1501 1336 1555 virtu,
1356 1518 1382 1547 e
1403 1502 1665 1547 desideroso
1688 1503 1806 1547 della

165 1580 322 1624 diuina
344 1579 503 1636 gloria:
529 1578 560 1621 il
582 1580 667 1623 che
689 1578 913 1635 supplisse
937 1579 1010 1621 all’
1036 1578 1349 1623 insufficienza
1370 1579 1488 1622 delle
1510 1580 1666 1634 letere,
1689 1581 1804 1623 ben-

142 1692 145 1694 .
166 1658 251 1701 che
273 1657 459 1701 attende
480 1671 506 1699 a
527 1655 755 1713 profitarsi
775 1655 854 1712 piu
875 1657 960 1700 che
982 1655 1074 1712 puo
1096 1657 1241 1699 anche
1257 1655 1303 1698 in
1326 1670 1444 1700 esse.

257 1733 350 1791 Qui
373 1733 411 1776 si
434 1733 658 1776 mandano
686 1732 728 1775 le
756 1731 971 1789 colligate
1001 1732 1107 1776 delli
1138 1731 1273 1776 Padri
1302 1733 1346 1775 d’
1372 1733 1614 1790 Ethyopia,
1644 1740 1691 1777 et
1717 1748 1808 1776 vna

164 1811 242 1856 del
264 1811 317 1854 P.
345 1809 574 1866 Agostino
597 1809 629 1862 ²,
655 1809 741 1852 alla
761 1809 895 1864 quale
918 1810 1014 1853 fara
1035 1810 1144 1854 dare
1166 1810 1224 1853 V.
1245 1811 1300 1853 R.
1327 1809 1531 1866 ricapito.

256 1888 322 1931 Le
343 1900 447 1929 cose
470 1885 515 1928 di
539 1900 630 1941 qua
659 1900 738 1942 per
760 1885 905 1942 gratia
935 1885 981 1928 di
1008 1892 1164 1929 nostro
1193 1885 1362 1942 Signor
1389 1901 1508 1930 vano
1538 1888 1671 1939 bene,
1697 1885 1744 1930 et
1763 1887 1805 1930 le

168 1964 338 2018 schole,
369 1962 487 2006 nelle
515 1961 635 2017 quali
664 1976 825 2006 sarano
853 1962 1015 2007 adesso
1047 1974 1104 2016 70
1132 1962 1343 2016 scholari3
1368 1963 1597 2007 mamolti
1619 1978 1731 2007 sono
1759 1964 1804 2006 in

169 2040 290 2084 villa.

183 2107 192 2114 ’
258 2118 293 2159 11
316 2119 368 2160 P.
396 2119 458 2161 M.
479 2118 551 2174 Jo.
579 2117 833 2160 Francesco
863 2116 1079 2160 Brunello
1107 2116 1262 2159 lunedi
1289 2116 1510 2172 prossimo
1539 2117 1707 2173 partita
1727 2132 1807 2173 per

171 2195 350 2247 Parma;
382 2193 577 2238 essendo
605 2193 700 2236 cosi
732 2200 893 2249 paruto
925 2192 1228 2236 conueniente
1256 2193 1349 2248 qui,
1389 2194 1432 2237 10
1469 2194 1578 2237 daro
1610 2195 1653 2238 13
1681 2208 1804 2237 com—

170 2270 387 2315 missione
409 2269 454 2312 di
476 2268 715 2314 solecitare
738 2269 768 2311 l’
792 2268 1072 2326 espeditione
1095 2270 1212 2314 della
1228 2284 1334 2313 casa
1354 2270 1428 2314 del
1451 2272 1503 2313 P.
1529 2272 1587 2314 D.
1614 2270 1807 2315 Battista

171 2346 321 2391 Viola.
460 2405 463 2409 λ

260 2424 321 2467 Al
350 2430 562 2480 presente
590 2437 682 2466 non
710 2423 877 2467 accade
905 2423 1034 2475 altro,
1062 2422 1191 2465 saluo
1223 2425 1309 2467 0110
1337 2424 1703 2467 raccomandaroi
1732 2424 1803 2466 all’

172 2499 366 2543 orationi
394 2499 439 2543 di
468 2501 525 2544 V.
553 2501 609 2544 R.
635 2515 661 2545 e
689 2500 746 2544 de
776 2499 883 2542 tutti
911 2499 942 2542 li
971 2498 1108 2542 Padri
1131 2506 1177 2543 et
1205 2499 1386 2544 fratelli.
1417 2499 1475 2543 Di
1499 2501 1706 2556 Bologna
1727 2499 1758 2541 11
1780 2500 1808 2542 6

170 2576 221 2619 di
242 2577 438 2621 Ottobre
466 2587 592 2631 1554.
620 2578 678 2620 D.
705 2577 763 2620 V.
790 2577 845 2620 R.
871 2590 1006 2620 seruo
1028 2575 1281 2618 humillimo
1301 2575 1348 2618 in
1372 2577 1475 2630 X.⁰,

1040 2653 1326 2696 FRANCEseo
1360 2654 1567 2696 PALMlo.

265 2731 375 2773 Post
403 2729 584 2786 scripta.
618 2718 654 2773 E
683 2729 841 2786 gionta
869 2728 915 2772 di
948 2730 1111 2772 Parma
1144 2743 1236 2772 vna
1263 2729 1439 2781 lettera,
1476 2731 1561 2772 che
1590 2728 1690 2773 dice
1716 2743 1809 2772 non

172 2805 392 2849 accadera
425 2805 500 2861 piu
532 2807 632 2849 chel
663 2807 716 2849 P.
749 2807 811 2849 M.
838 2808 911 2864 Jo.
943 2807 979 2849 F
982 2819 1197 2849 ranceseo
1228 2805 1348 2858 vadi;
1383 2820 1409 2849 e
1440 2806 1534 2848 cosi
1573 2813 1691 2850 resta
1723 2819 1809 2848 con

177 2882 350 2939 grande
372 2882 644 2926 commodita
664 2883 782 2926 della
804 2896 924 2926 casa.

251 2995 262 3015 ¹
312 2993 392 3028 ΡΡ.
423 2993 609 3029 Μο1011101·
632 2992 834 3040 Carneiro,
857 2994 1035 3029 Andreas
1060 2993 1109 3029 de
1133 2992 1288 3030 Oviedo
1311 2992 1469 3040 aliique,
1494 2993 1543 3028 de
1567 2994 1708 3041 quibus
1733 2996 1812 3032 PO-

175 3060 335 3098 LANCO,
354 3056 382 3087 t.
403 3060 458 3097 ιν,
477 3063 568 3098 pag.
594 3051 631 3097 8,
650 3064 691 3087 n.
714 3060 736 3097 7
756 3058 796 3088 et
813 3063 907 3100 pag.
934 3061 991 3097 15,
1011 3064 1053 3088 n.
1082 3060 1138 3097 14.

250 3112 264 3132 ²
316 3110 561 3156 Augustinus
577 3110 626 3146 de
645 3112 680 3146 la
698 3110 813 3146 Riva.
