2014 3476
365 271 434 316 146
859 273 1098 309 prs‘ronAE
1124 268 1412 316 M1x'rAE-—793

314 388 466 430 prezo:
491 374 517 416 e
535 387 646 418 uero
668 375 753 418 che
775 375 819 417 d’
845 388 936 417 una
958 380 1086 430 parte
1103 373 1220 417 della
1241 371 1410 426 chiesa,
1436 385 1523 415 oue
1540 372 1565 415 6
1583 385 1674 415 una
1691 385 1796 415 casa
1817 377 1955 415 stret-

313 457 374 503 ta,
399 450 437 493 si
460 450 710 506 potrebono
732 453 875 496 hauer
896 465 1000 494 case
1023 456 1192 507 quanto
1215 448 1253 492 si
1276 449 1468 501 uolesse,
1499 455 1545 492 et
1566 463 1646 504 per
1678 449 1771 492 bon
1797 463 1948 505 prezo.

312 527 378 571 La
399 526 553 571 chiesa
574 527 600 570 6
621 527 739 571 bella
777 534 822 572 et
859 527 1112 579 commoda,
1153 533 1198 570 et
1220 525 1266 568 in
1289 526 1394 580 quel
1429 525 1593 578 lqocho
1631 527 1715 570 che
1742 524 1780 569 si
1807 539 1872 569 sa.
1899 524 1953 569 Li

310 603 511 647 charichi
532 604 651 648 della
672 604 824 648 chiesa
845 619 929 648 son
951 603 1098 661 graui.
1126 602 1252 657 Ogni
1270 601 1431 659 giorno
1448 601 1486 645 si
1502 602 1712 646 celebran
1735 615 1788 657 14
1804 616 1953 647 messe

312 695 341 725 a
361 695 476 738 gran
495 694 716 724 concorso
733 681 778 724 di
795 682 978 738 populo,
1000 687 1046 724 et
1062 679 1171 736 ogni
1189 680 1312 722 uolta
1334 680 1418 722 che
1438 679 1483 721 la
1498 678 1781 736 Compagnia
1796 686 1952 723 nostra

311 757 525 815 pigliasse
545 764 707 812 questo
729 759 909 810 luocho‚
935 756 1268 814 bisognarebbe
1297 754 1506 812 pigliarlo
1536 769 1625 799 con
1653 762 1814 811 questa
1840 770 1948 813 gra-

313 849 465 879 uezza.
494 834 576 878 Poi
600 842 801 891 tengono
830 835 967 878 molte
995 836 1194 877 cassette
1220 833 1268 876 in
1295 832 1447 876 chiesa
1469 839 1515 876 et
1541 832 1707 876 banchi
1735 847 1824 877 con
1845 846 1950 877 cere

310 912 369 955 da
391 911 603 963 uendere,
636 911 758 966 quali
786 926 876 954 non
909 925 960 954 so
983 924 1112 954 come
1133 908 1378 966 potessimo
1407 908 1496 952 mai
1517 909 1659 962 leuar,
1691 924 1834 953 senon
1861 924 1948 954 con

310 988 540 1036 scandalo,
566 988 609 1030 al
630 989 823 1030 mancho
852 1002 938 1030 con
962 1001 1076 1043 gran
1099 986 1380 1043 maraueglia
1406 986 1480 1029 del
1501 986 1688 1042 populo,
1715 987 1831 1031 oltre
1862 988 1947 1031 che

310 1079 464 1121 spesse
489 1065 610 1107 uolte
637 1063 675 1107 si
704 1078 825 1107 uano
855 1079 881 1107 a
912 1070 1069 1107 cantar
1095 1064 1136 1106 1ὲι
1165 1077 1312 1108 messe
1341 1062 1513 1108 uotiue.
1539 1063 1675 1108 Siche
1705 1064 1762 1107 V.
1789 1064 1844 1107 R.
1870 1063 1943 1107 in-

310 1142 445 1186 tende
467 1140 498 1183 il
515 1147 650 1193 tutto,
676 1147 721 1184 et
743 1140 803 1184 mi
825 1141 933 1184 daria
955 1140 1082 1184 auiso
1104 1141 1177 1185 del
1198 1154 1282 1184 suo
1304 1155 1434 1197 parer
1456 1140 1502 1183 in
1526 1140 1634 1197 ogni
1651 1155 1772 1185 cosa.
1798 1141 1942 1186 Santo

310 1219 495 1262 Andrea
516 1232 604 1260 non
629 1218 654 1261 6
676 1217 921 1274 disperat03
946 1232 1019 1261 ma
1035 1218 1236 1274 potendo
1258 1206 1399 1261 hailer
1420 1225 1552 1261 santo
1569 1218 1864 1272 Colombano,
1891 1233 1942 1263 se

308 1298 352 1338 n'
377 1297 570 1338 hauemo
592 1294 730 1337 molto
753 1294 830 1351 pisl
852 1295 910 1338 da
926 1301 1165 1338 contentar
1191 1296 1276 1338 che
1297 1294 1342 1338 di
1371 1302 1501 1338 santo
1525 1295 1725 1338 Andrea.
1753 1296 1815 1339 Al
1836 1310 1941 1352 pre-

308 1378 437 1416 sente
458 1386 549 1414 non
570 1371 668 1415 diro
691 1372 821 1425 altro,
846 1373 974 1415 saluo
996 1373 1080 1415 che
1102 1371 1460 1415 racomandarmi
1481 1372 1566 1416 alle
1583 1386 1666 1416 sue
1683 1371 1878 1416 orationi
1895 1379 1942 1417 et

308 1450 364 1492 de
387 1449 493 1492 tutti
513 1449 543 1491 li
566 1449 702 1492 Padri
724 1455 769 1493 et
791 1448 1041 1493 charissimi
1064 1449 1242 1492 fratelli.
1263 1451 1334 1493 Da
1358 1450 1564 1506 Bologna
1580 1449 1610 1492 il
1634 1450 1683 1493 18
1701 1449 1745 1492 d’
1765 1449 1941 1506 Aprille

313 1536 440 1580 1554.
461 1527 531 1570 De
554 1527 612 1569 V.
639 1527 693 1569 R.
720 1540 854 1570 seruo
876 1525 923 1569 in
946 1526 1145 1580 Christo,

1173 1604 1461 1648 FRANCEsco
1490 1606 1698 1648 PALMro.

398 1681 656 1736 Inscripiioe
683 1681 744 1724 Al
772 1681 912 1724 molto
934 1681 1042 1724 Rdo.
1074 1680 1121 1723 in
1150 1680 1236 1724 X.⁰
1260 1682 1422 1733 Padre,
1448 1681 1480 1724 il
1508 1683 1560 1724 P.
1598 1683 1661 1726 M.
1693 1681 1872 1739 Ignatio
1893 1681 1940 1724 di
2006 1681 2009 1684 ⁴

305 1758 490 1813 Loyola,
522 1757 750 1814 preposito
778 1757 990 1814 generale
1019 1758 1136 1802 della
1163 1757 1450 1814 Compagnia
1471 1757 1517 1801 di
1537 1759 1666 1816 Jesfl,
1698 1757 1746 1801 in
1774 1759 1936 1802 Roma.

393 1835 453 1878 Al
474 1841 605 1892 porto
629 1847 652 1878 2
673 1834 851 1878 baochi.

1062 2051 1181 2092 ⁷93

732 2141 1077 2179 THEOTONIUS
1104 2143 1174 2178 DE
1201 2141 1495 2189 BRAGANCA
1560 2176 1563 2178 ,

674 2227 860 2269 PATRI
893 2226 1154 2269 IGNATlo
1188 2227 1271 2269 DE
1304 2196 1589 2270 LOYOLA'

794 2327 1086 2355 V1LLAV1T1osA
1107 2319 1149 2355 18
1168 2328 1329 2356 Apmns
1350 2327 1442 2365 1554
1461 2322 1487 2355 ¹.

301 2403 490 2450 Confugit
507 2402 555 2439 ad
578 2403 1164 2450 Ignatium.—Perseverantern
1181 2402 1221 2438 in
1239 2415 1309 2439 sua
1334 2403 1538 2439 vocatione
1556 2402 1727 2439 animum
1745 2407 1930 2440 testatur.

1102 2480 1124 2516 †

1064 2518 1163 2574 jhs.

392 2607 486 2662 Muj
512 2607 625 2650 Rdo.
652 2621 710 2650 en
731 2605 817 2649 Χ.Ο
848 2606 1010 2651 Padre.
1044 2608 1223 2661 Porque
1252 2609 1301 2649 se
1322 2620 1382 2648 no
1412 2606 1600 2649 saltaran
1632 2605 1935 2651 enformacio—

303 2698 384 2729 nes
406 2688 432 2726 ἐι
454 2685 510 2726 V.
538 2684 592 2726 R.
618 2683 675 2727 de
705 2682 783 2738 mj,
809 2687 906 2726 meis
928 2683 1181 2726 conformes
1210 2682 1252 2726 al
1283 2684 1449 2726 mucho
1481 2683 1578 2726 zelo
1610 2697 1700 2738 que
1731 2687 1757 2727 ἀ
1789 2684 1831 2726 la
1859 2697 1936 2727 so-

302 2761 441 2804 brada
458 2759 763 2816 jntelligentia
785 2774 874 2815 que
895 2759 951 2802 de
973 2760 1031 2815 mj
1057 2758 1192 2812 tiene,
1225 2758 1352 2815 quise
1375 2760 1454 2802 dar
1481 2767 1577 2804 esta
1599 2760 1656 2804 de
1677 2759 1755 2816 mj‚
1782 2766 1936 2805 entre-

305 2844 429 2882 tanto
452 2851 540 2893 que
562 2840 657 2879 mas
688 2835 1084 2892 particularmente
1107 2850 1166 2879 no
1196 2837 1240 2879 10
1268 2850 1373 2893 ago:
1399 2852 1428 2893 y
1458 2851 1631 2893 porque
1663 2851 1712 2881 se
1742 2843 1871 2894 parte
1893 2837 1935 2882 61

305 2914 531 2969 portador,
562 2912 600 2956 si
624 2912 673 2968 ja
704 2927 763 2955 no
790 2927 839 2956 es
861 2912 1052 2969 partido,
1088 2927 1149 2955 no
1178 2912 1274 2955 dire
1306 2917 1417 2967 mas,
1442 2912 1541 2956 sino
1564 2927 1652 2969 que
1684 2915 1742 2958 V.
1775 2915 1830 2958 R.
1861 2927 1937 2957 me

379 3081 389 3100 ¹
440 3079 498 3114 Ex
516 3078 756 3125 autographo
774 3077 817 3114 in·
831 3079 909 3114 vol.
928 3077 1137 3125 E,·d⁴uplici
1155 3078 1258 3121 folio,
1279 3091 1317 3115 n.
1341 3088 1422 3126 192,
1441 3079 1548 3127 prius
1566 3078 1651 3125 513.
