2060 3450
776 229 818 266 18
844 230 1045 277 JANUARn
1073 236 1163 274 1555
1672 235 1742 274 527

148 332 250 377 -diaz
289 346 319 388 y
355 335 504 388 segun
540 331 773 376 refirieron
808 330 923 374 ellos
959 329 1170 386 despues,
1209 343 1299 372 con
1335 335 1460 372 tanta
1495 328 1790 382 satisfaction,

162 415 331 465 quanta
363 422 422 452 en
452 422 506 451 su
538 407 644 451 vida
675 411 808 451 avian
841 405 1008 451 tenido.
1044 407 1252 462 Despues
1283 406 1412 449 desto
1444 405 1650 450 vinieron
1678 410 1705 449 3
1732 406 1794 449 mi

115 492 119 499 '
165 493 384 542 aposento
399 485 469 529 105
488 484 759 541 principales
778 483 953 539 monjes
974 498 1004 540 y
1019 481 1314 537 hermitafios,
1338 497 1368 539 y
1388 482 1585 526 tuuimos
1606 482 1793 538 platicas

166 562 422 619 spirituales
449 563 505 605 de
535 576 651 617 gran
677 560 958 605 consolation
987 562 1015 604 ¹.
1046 561 1271 616 Despues,
1298 560 1577 616 rogandome
1605 574 1695 615 que
1721 574 1795 603 me

165 638 403 683 detuuiese
424 639 499 682 alli
522 639 715 695 algunos
745 642 840 681 mas
867 638 980 690 dias,
1010 651 1071 680 no
1098 637 1143 679 lo
1169 639 1344 693 acepffi,
1376 650 1458 692 por
1485 636 1613 679 venir
1640 640 1667 679 3
1687 651 1794 693 pro—

165 729 271 759 veer
287 731 345 760 en
366 716 411 758 lo
426 715 483 759 de
506 716 770 770 Barcelona;
796 729 826 770 y
842 717 907 758 asi
925 713 1156 771 quedaron
1177 713 1308 756 todos
1329 713 1397 756 los
1418 713 1475 756 de
1497 713 1675 769 aquella
1689 704 1795 756 casa

163 806 273 847 muy
304 792 588 844 consolados‚
621 807 652 848 y
684 806 770 835 con
806 805 1024 848 speranca
1060 804 1150 845 que
1186 796 1327 847 tengo
1359 791 1417 834 de
1446 790 1606 833 voluer
1634 790 1734 834 alla:
1765 805 1795 847 y

152 869 313 912 >dando
340 870 600 913 abundante
627 868 859 925 prouision
886 882 994 924 para
1021 867 1063 911 el
1092 866 1272 920 viatico,
1303 866 1511 923 ninguna
1537 881 1644 910 cosa
1666 867 1795 923 quise

119 968 121 970 ·
163 945 377 1001 rescebir.

230 1059 232 1061 .
255 1022 440 1066 Partido
467 1023 524 1066 de
556 1025 853 1074 Monserrate,
883 1022 1036 1078 llegue
1063 1025 1090 1064 3
1118 1021 1368 1076 Barcelona
1397 1024 1575 1077 vispera
1605 1021 1662 1064 de
1693 1027 1795 1065 sant

166 1099 384 1151 Antonio,
405 1103 432 1142 3
451 1100 495 1142 13
516 1099 658 1151 tarde,
682 1114 712 1155 y
728 1099 866 1155 luego
882 1099 967 1141 313
987 1104 1181 1141 mafiana
1200 1098 1269 1141 los
1284 1097 1472 1153 jurados
1493 1098 1610 1142 (1013
1630 1097 1796 1153 ciudad

168 1191 242 1220 me
268 1175 501 1220 embiaron
527 1180 564 1219 3-
582 1175 709 1232 pedir
735 1191 796 1218 vn
825 1179 1004 1219 sermon
1032 1189 1142 1231 para
1168 1174 1211 1218 el
1239 1174 1313 1217 dia
1339 1174 1398 1218 de
1425 1188 1508 1217 san
1535 1174 1792 1230 Sebastiam,

168 1267 341 1309 porque
360 1254 469 1297 iuan
494 1253 581 1296 3113
607 1268 666 1297 00
692 1251 952 1309 procession
973 1253 1015 1296 el
1042 1251 1200 1308 ovispo
1222 1252 1256 1305 ²,
1285 1265 1315 1307 y
1336 1251 1603 1308 canonigos,
1631 1266 1662 1307 y
1684 1255 1796 1295 con-

166 1329 306 1382 sules,
331 1343 417 1372 con
438 1329 506 1372 los
522 1330 676 1373 demas
692 1328 978 1385 principales.
1000 1329 1037 1371 E
1058 1328 1236 1372 hallado
1252 1343 1311 1372 en
1327 1334 1424 1372 esta
1443 1327 1610 1383 ciudad
1630 1330 1797 1372 mucho

159 1420 292 1449 >amor
313 1421 343 1463 y
358 1405 574 1450 deuotion
594 1410 620 1449 3
636 1405 698 1448 mi
719 1405 939 1449 doctrina:
960 1406 1002 1450 01
1024 1406 1170 1450 Sefior
1191 1404 1359 1449 ordene
1382 1418 1472 1460 que
1492 1419 1570 1449 sea
1591 1406 1798 1449 fructuo-

169 1498 219 1526 sa
240 1498 299 1527 en
322 1483 466 1526 todos.
498 1483 647 1527 Hable
669 1497 776 1539 ayer
798 1483 839 1526 31
861 1482 1035 1539 ovispo,
1065 1497 1095 1538 y
1116 1483 1159 1526 al
1179 1481 1328 1538 virrey
1350 1483 1384 1535 ³,
1418 1497 1447 1537 y
1469 1486 1496 1525 3
1516 1489 1639 1525 otros
1661 1488 1798 1527 sefio-

130 1557 140 1559 -
166 1574 257 1612 reS,
282 1575 341 1604 en
361 1560 432 1603 los
459 1560 616 1615 quales
648 1560 778 1603 todos
805 1559 923 1603 halle
953 1561 1119 1602 mucha
1145 1558 1478 1603 beneuolentia.
1506 1560 1797 1615 Acompafia—

169 1649 325 1681 ronme
341 1640 368 1680 3
380 1643 500 1680 estas
521 1636 678 1679 visitas
696 1651 759 1679 vn
780 1642 915 1679 sefior
935 1634 1241 1680 ecclesiastico
1262 1634 1497 1692 principal,
1522 1637 1725 1692 pauorde
1740 1637 1798 1680 de

157 1716 292 1770 aqui,
316 1728 347 1770 y
367 1714 410 1757 01
431 1713 580 1757 abbad
599 1715 832 1757 Domenec
855 1713 871 1733 ⁴
894 1712 1109 1756 tambien.

261 1790 394 1834 Halle
415 1793 519 1846 aqui
540 1790 584 1833 la
604 1789 779 1846 yglesia
806 1789 1095 1844 comencada‚
1126 1789 1170 1832 13
1196 1803 1302 1832 casa
1322 1789 1461 1844 pobre
1487 1804 1517 1845 y
1546 1790 1795 1844 adeudada,

160 1867 215 1910 *al
252 1868 306 1910 P.
347 1867 539 1923 Queralt
574 1867 807 1920 emfermo‚
841 1880 900 1922 ya
931 1864 1311 1918 conualesciente‚
1350 1880 1376 1908 3
1412 1869 1594 1910 mossen
1621 1867 1746 1922 Luys
1782 1868 1797 1889 ⁵

171 1957 298 2000 sano,
329 1958 359 1999 y
385 1947 411 1986 3
432 1950 530 1987 otro
557 1945 776 1987 hermano
803 1957 996 1986 nauarro
1027 1943 1060 1995 ⁶,
1085 1957 1115 1998 y
1136 1943 1179 1984 al
1207 1943 1260 1985 P.
1286 1943 1433 1995 Gesti,
1459 1943 1500 1987 el
1521 1944 1642 1998 qual,
1669 1957 1798 1987 como

171 2033 250 2063 sea
269 2021 501 2076 proueydo
522 2034 630 2076 para
653 2019 929 2076 procurador
950 2019 1136 2075 general
1156 2019 1214 2063 de
1234 2019 1300 2062 las
1322 2033 1452 2062 cosas
1472 2020 1529 2063 de
1551 2021 1704 2077 Spafia
1726 2027 1799 2065 to-

244 2145 255 2166 ¹
302 2143 371 2179 Cf.
401 2143 663 2188 CRUSELLAS,
688 2144 715 2178 I.
746 2155 792 2187 c.‚
820 2154 910 2190 pag.
934 2142 1020 2188 406,
1044 2142 1111 2190 qui
1134 2148 1314 2189 recenset
1330 2142 1478 2190 aliquot
1502 2143 1647 2180 virtute
1672 2150 1712 2180 et
1742 2156 1802 2180 sa-

172 2202 318 2249 pientia
335 2207 577 2250 praestantes
595 2203 714 2247 viros,
733 2208 826 2238 tunc
843 2202 884 2238 in
902 2202 1058 2238 laudato
1074 2202 1264 2238 coenobio
1281 2202 1402 2238 vitam
1419 2203 1686 2240 traducentes.

243 2262 258 2284 2
307 2262 478 2307 Jacobus
495 2261 683 2304 Cazador,
702 2261 751 2298 de
768 2273 846 2309 quo
863 2273 982 2308 saepe
999 2261 1160 2297 dictum.

246 2321 260 2342 ²
309 2321 449 2356 Petrus
480 2320 582 2356 Afan
610 2321 659 2356 de
687 2321 831 2357 Ribera
856 2327 896 2357 et
920 2322 1204 2366 Portocmrero,
1228 2321 1399 2357 marchio
1422 2321 1470 2357 de
1494 2322 1639 2369 Tarifa,
1665 2329 1801 2370 postea

175 2378 294 2414 etiam
311 2378 390 2414 dux
413 2378 462 2414 de
482 2379 628 2423 AlcaIa,
652 2380 808 2425 genitor
832 2379 914 2415 Bti.
937 2379 1099 2426 Joannis
1122 2379 1172 2415 de
1195 2380 1354 2426 Ribera,
1378 2380 1565 2417 antistitis
1587 2381 1802 2418 valentino-

176 2450 279 2474 rum.
303 2437 403 2473 Vide
422 2438 554 2484 Epist.
577 2439 744 2484 Mixtae,
759 2434 788 2473 t'.
804 2447 845 2483 11,
865 2450 956 2485 pag.
981 2437 1042 2485 39,
1061 2443 1192 2474 annot.
1212 2448 1248 2486 2,
1263 2439 1482 2486 POLANCO,
1497 2445 1525 2475 t.
1540 2449 1595 2484 lv,
1611 2452 1699 2487 pag.
1716 2440 1799 2487 356,

178 2510 216 2533 n.
236 2496 322 2543 762,
340 2502 471 2533 annot.
492 2497 662 2533 2.—Hic
679 2503 835 2544 propter
852 2497 1039 2544 quasdam
1061 2509 1150 2533 cum
1167 2498 1442 2534 barcinonensi
1465 2500 1626 2535 civitate
1650 2505 1801 2536 contro-

177 2557 340 2600 versias,
359 2566 459 2592 anno
476 2556 675 2603 superiore
694 2559 738 2592 «3
755 2567 778 2602 9
794 2556 843 2592 (10
870 2556 1108 2592 Noviernbre
1126 2556 1223 2593 salio
1245 2558 1294 2593 de
1320 2559 1532 2594 Barcelona
1555 2571 1646 2606 para
1670 2560 1802 2606 Perpi-

176 2619 266 2662 ᾗ30,
296 2615 479 2652 llevando
501 2615 663 2661 eonsigo
686 2617 722 2652 la
744 2616 839 2652 Real
865 2616 1120 2652 Audiencia.»
1146 2617 1225 2653 Sed
1246 2619 1361 2664 paulo
1385 2624 1474 2653 ante
1499 2630 1614 2665 quam
1638 2619 1801 2654 Estrada

174 2675 431 2711 Barcinonem
448 2674 730 2720 ingrederetur,
752 2678 793 2711 «3
813 2684 832 2720 5
851 2676 900 2711 (10
914 2677 1054 2720 Enem,
1074 2687 1143 2722 por
1160 2676 1281 2712 orden
1298 2677 1360 2712 del
1380 2678 1573 2723 Principe,
1599 2677 1800 2714 bolvieron

175 2737 210 2770 el
229 2735 369 2781 Virrey
386 2747 412 2781 y
431 2734 647 2770 Audiencia
664 2737 686 2770 3
702 2735 952 2770 Barcelona.»
977 2736 1106 2771 FELIU
1128 2744 1184 2770 DE
1201 2745 1255 2771 LA
1280 2737 1413 2783 PENA,
1436 2737 1586 2772 Anales
1608 2737 1655 2772 de
1682 2736 1803 2772 Cata-

173 2795 288 2837 luna,
308 2793 356 2829 ad
374 2805 516 2829 annum
537 2801 641 2838 1555,
660 2798 689 2828 t.
709 2803 764 2839 m,
784 2805 872 2840 pag.
891 2794 980 2843 *193-

244 2855 260 2876 ⁴
310 2854 444 2889 Abbas
462 2852 510 2888 de
529 2852 790 2899 Vilabertran,
809 2853 949 2888 Petrus
968 2854 1213 2890 Domenech.

245 2914 261 2936 ⁵
308 2913 444 2948 Patres
463 2913 634 2958 Joannes
653 2913 817 2957 Queralt
834 2917 874 2948 et
892 2911 1114 2948 Ludovicus
1132 2913 1301 2949 Cistero.

246 2973 261 2994 ⁶
310 2971 410 3007 Vide
428 2971 593 3015 NADAL,
616 2971 746 3017 Epist.
771 2976 799 3007 t.
818 2980 846 3016 1,
865 2982 958 3018 pag.
979 2971 1064 3016 761,
1084 2972 1152 3007 ubi
1176 2972 1364 3009 Navarro
1389 2984 1466 3009 non
1490 2974 1652 3020 patriam
1676 2979 1801 3021 notat,

163 3030 249 3067 ⁴sed
265 3042 482 3077 cognomen
500 3035 574 3066 est.
