2060 3450
807 239 854 277 ²4
880 231 1048 267 A‘Pmms
1079 240 1168 277 1555
1691 241 1760 279 597

165 335 295 373 *stato
314 329 565 375 introdutto
586 339 631 377 et
651 339 921 376 conseruato
941 347 1022 388 per
1048 332 1312 377 l'affluentia
1334 334 1391 378 de
1418 332 1525 377 beni
1550 335 1809 390 temporali,

172 407 329 462 quale,
368 415 584 464 generata
620 410 722 453 dala
757 408 1017 462 deuotione,
1057 422 1186 452 come
1222 408 1504 465 iniquissima
1530 409 1717 466 figliola,
1747 413 1807 455 ha

173 483 334 527 veciso
359 485 404 542 13
428 485 606 541 propria
632 487 803 540 madre,
837 500 929 529 non
955 500 1092 530 senza
1120 487 1295 543 grande
1327 486 1555 530 scandalo.
1591 488 1711 531 Pero
1747 487 1811 531 ri-

179 556 416 616 sguardati
436 562 553 606 bene
574 563 631 605 da
658 562 880 619 principio
903 577 929 605 a
949 562 1138 619 pigliare
1160 569 1206 607 et
1228 577 1498 607 conseruare
1521 564 1583 606 tal
1610 565 1743 608 modo
1763 565 1810 608 di

178 635 353 690 viuere,
383 640 467 681 che
499 645 624 682 tanto
653 639 754 682 siati
781 640 838 683 ad
865 639 1151 684 edificatione
1179 655 1206 684 a
1234 646 1392 684 tenere
1418 646 1465 683 et
1491 639 1680 696 simplici
1709 641 1808 684 ani-

172 728 268 767 me,
293 721 462 771 quanto
483 715 584 758 altri
605 730 718 759 sono
739 715 846 760 stati
867 715 1153 773 al'opposit03
1186 717 1352 774 perche
1380 716 1692 761 cominciando
1712 717 1804 771 voi,

167 792 373 834 secondo
394 792 425 834 Γ
444 807 614 836 usanza
635 793 867 847 moderna,
892 792 982 837 deli
1003 792 1122 846 altri,
1147 793 1329 836 difficile
1350 807 1456 837 cosa
1482 794 1671 837 sarebbe
1697 794 1805 850 puoi

164 865 205 908 'il
227 867 515 921 desmeterui,
547 876 593 913 et
616 869 725 912 forsi
746 869 835 912 mai
857 883 949 913 non
971 869 1010 913 si
1041 870 1241 923 farebbe‚
1272 871 1454 926 perche,
1479 884 1608 914 come
1628 871 1804 927 l'expe-

173 942 324 987 rienza
346 953 562 998 monstra,
587 946 664 1002 piu
687 946 822 989 fatica
843 941 1079 991 si'ricercar
1095 946 1142 989 in
1163 946 1389 991 rimouere
1408 961 1500 990 vno
1522 946 1651 991 triste
1672 947 1803 991 habi—

171 1027 237 1073 to,
250 1022 347 1064 >che
368 1036 460 1064 non
481 1021 527 1064 in
549 1021 818 1066 introdurlo.

262 1098 310 1141 IL
340 1112 557 1143 SECONDO
586 1112 795 1143 RICORDO
823 1101 908 1144 che
934 1099 995 1142 mi
1023 1113 1246 1144 occoreua
1273 1101 1314 1152 e,
1345 1101 1430 1143 che
1455 1099 1486 1142 li
1514 1099 1674 1156 prelati
1700 1100 1803 1144 dela

164 1173 342 1226 chiesa,
368 1174 567 1218 inferiori
589 1191 615 1219 a
634 1175 725 1229 voi,
750 1176 1062 1232 cangiasssero
1077 1178 1274 1219 anchora
1293 1177 1389 1219 loro
1408 1177 1544 1219 modo
1560 1176 1606 1219 di
1626 1176 1798 1230 viuere,

175 1250 376 1295 uiuendo
403 1253 786 1297 conformemente
813 1253 856 1296 al
886 1267 1000 1309 capo
1033 1266 1116 1296 suo
1146 1252 1397 1306 riformato,
1428 1260 1474 1297 et
1505 1255 1590 1298 che
1621 1254 1801 1308 quando

173 1342 268 1370 non
289 1329 517 1373 volessero
539 1329 609 1372 6ἰὸ
631 1330 724 1374 fare
746 1344 826 1386 per
841 1330 871 1372 Γ
891 1343 1043 1373 amore
1059 1330 1118 1374 de
1133 1330 1221 1374 Dio
1242 1337 1287 1373 et
1308 1331 1382 1373 del
1403 1331 1518 1374 bene
1538 1344 1797 1383 commune,

158 1405 394 1448 -exhortati
416 1406 474 1449 da
494 1406 583 1459 voi,
609 1420 636 1449 o
663 1421 689 1449 a
715 1408 873 1459 bocca,
897 1420 925 1449 ο
952 1420 1033 1463 per
1062 1407 1237 1460 lettere3
1269 1409 1354 1450 che
1382 1407 1440 1450 da
1460 1406 1551 1459 voi,
1582 1420 1715 1450 come
1742 1407 1801 1450 da

159 1495 283 1538 capo
304 1482 377 1525 chi
405 1484 464 1526 ha
490 1497 700 1539 suprema
728 1482 954 1526 authorita
983 1497 1115 1540 sopra
1142 1482 1188 1526 di
1216 1484 1330 1535 loro,
1362 1483 1694 1540 risguardando
1722 1482 1800 1539 piu

164 1559 225 1601 al'
250 1560 423 1603 honore
444 1560 501 1603 de
522 1559 611 1603 Dio
631 1567 677 1603 et
699 1559 1016 1604 reformatione
1030 1560 1134 1603 dela
1150 1574 1233 1603 sua
1254 1559 1423 1612 chiesa,
1443 1575 1469 1603 a
1484 1559 1559 1602 voi
1576 1574 1799 1603 commes—

164 1649 233 1687 sa,
258 1637 342 1679 che
363 1650 390 1679 3
410 1636 584 1692 rispetti
606 1636 808 1690 humani,
833 1637 1004 1681 fossero
1032 1636 1269 1681 constretti
1291 1636 1361 1680 6ἱό
1391 1637 1500 1689 fare,
1531 1651 1660 1680 come
1681 1637 1799 1680 bene

159 1711 266 1756 -fece
286 1712 350 1755 lui
371 1719 503 1756 santo
527 1714 671 1756 Paulo
692 1720 850 1756 contra
870 1713 903 1756 il
925 1713 1195 1757 fornicatore
1212 1713 1449 1757 Corinthio
1466 1727 1544 1769 per
1561 1712 1795 1767 risanarlo,

160 1788 294 1833 366ἰό
315 1804 343 1832 3
363 1790 438 1832 voi
459 1797 506 1834 et
526 1805 552 1833 a
573 1791 670 1834 loro
690 1805 785 1833 non
802 1791 1014 1847 aduenga
1029 1791 1135 1846 quel
1151 1792 1237 1833 che
1258 1789 1452 1835 aduiene
1474 1805 1500 1833 a
1522 1789 1628 1835 Heli
1645 1804 1797 1835 sacer-

166 1867 289 1920 dote,
314 1874 360 1911 et
388 1866 454 1910 soi
481 1867 656 1923 figlioli.
689 1867 896 1912 Perilche
927 1868 1036 1920 fare,
1068 1882 1175 1924 pare
1202 1868 1390 1911 sarebbe
1415 1867 1578 1910 ottimo
1607 1866 1796 1910 rimedio

157 1942 304 1987 leuar’
323 1943 370 1986 in
388 1943 500 1986 tanti
515 1943 720 1999 beneficij
739 1943 1063 2000 incompatibili
1080 1943 1138 1987 ali
1154 1943 1233 1986 vni
1250 1952 1294 1988 et
1311 1943 1429 1997 altri,
1445 1943 1672 1996 accioche,
1686 1943 1796 1987 smi-

159 2019 289 2063 nuite
309 2020 352 2064 le
372 2022 600 2076 superflue
621 2020 784 2064 intrate
806 2022 862 2064 de
885 2020 962 2064 tali
982 2020 1190 2076 beneficij
1215 2027 1261 2064 et
1282 2021 1524 2077 prelature,
1556 2020 1795 2064 occasione

153 2096 206 2139 di
229 2097 341 2140 tanti
362 2097 507 2150 abusi,
531 2099 776 2142 hauessero
804 2113 831 2141 a
857 2097 1072 2141 sminuire
1100 2098 1142 2142 le
1163 2112 1329 2153 pompe
1360 2104 1406 2141 et
1434 2097 1554 2150 fasti,
1579 2112 1671 2140 non
1693 2098 1790 2140 solo

150 2172 506 2217 *inconueneuoli
526 2189 552 2217 a
574 2175 662 2219 tale
684 2174 876 2231 dignita,
908 2189 981 2218 ma
1010 2174 1146 2218 etiam
1174 2175 1438 2217 scandalose
1460 2175 1502 2216 al
1523 2175 1704 2230 populo.
1731 2176 1789 2218 Et

158 2249 296 2305 quelli
318 2258 364 2293 et
383 2250 499 2304 altri,
524 2253 608 2295 che
636 2266 715 2308 per
742 2258 888 2295 morte
917 2265 1171 2303 vacassero,
1202 2250 1462 2307 conferirgli
1484 2265 1564 2306 per
1590 2252 1620 2293 Γ
1645 2251 1788 2294 adue-

159 2326 256 2370 nire
277 2342 304 2370 a
329 2327 531 2370 huomini
558 2327 775 2385 religiosi,
805 2342 900 2371 non
927 2327 973 2370 di
1001 2341 1137 2372 nome
1164 2334 1210 2372 et
1237 2326 1392 2370 habito
1420 2327 1686 2380 solamente,
1717 2342 1790 2370 ma

149 2404 217 2447 de
237 2403 350 2447 fatto
372 2404 526 2448 deuoti
546 2412 593 2448 et
613 2404 744 2458 dotti,
768 2419 796 2448 o
817 2405 995 2448 almeno
1015 2418 1106 2447 non
1122 2403 1169 2447 in
1186 2410 1303 2448 tutte
1318 2405 1361 2448 le
1378 2404 1493 2460 parti
1511 2403 1789 2447 insufficien-

147 2479 208 2532 xti‚
233 2486 279 2525 et
299 2495 431 2536 sopra
453 2488 572 2524 tutto
595 2481 640 2524 di
661 2482 814 2525 buona
836 2480 1126 2538 exemplarita
1147 2480 1192 2524 di
1214 2480 1306 2524 vita
1328 2488 1374 2525 et
1396 2495 1506 2523 sana
1530 2480 1645 2532 fede,
1667 2479 1787 2535 quali

145 2556 327 2600 *fossero
349 2573 375 2601 a
395 2558 620 2614 exemplo,
645 2572 737 2601 non
758 2558 855 2601 solo
876 2557 935 2600 ali
957 2556 1116 2613 prelati
1138 2563 1184 2601 et
1205 2556 1320 2614 preti
1347 2555 1566 2608 moderni,
1591 2562 1637 2599 et
1665 2570 1690 2598 a
1712 2570 1785 2599 se-

144 2633 308 2686 ‹colari,
334 2649 405 2676 ma
432 2633 565 2678 etiam
593 2634 651 2677 ali
679 2633 862 2689 posteri,
894 2633 1019 2677 accio
1049 2632 1306 2690 segnissero
1334 2634 1375 2676 le
1403 2634 1499 2675 loro
1528 2632 1704 2687 pedate3
1737 2637 1784 2674 et

147 2724 245 2752 ‘non
266 2710 359 2752 cosi
381 2710 527 2766 dargli
548 2725 572 2753 a
596 2711 853 2766 qualunche
875 2724 1065 2766 persona
1081 2709 1535 2760 indifferentemente,
1557 2722 1636 2763 per
1652 2708 1782 2750 fauo—

145 2801 216 2840 re,
239 2800 267 2829 0
298 2786 695 2839 recomandationi,
726 2800 753 2829 o
784 2785 1135 2830 remunerationi
1163 2787 1220 2829 de
1247 2785 1436 2840 seruitij,
1469 2785 1667 2840 sapendo
1697 2785 1782 2827 che

148 2862 289 2918 quelli
311 2862 388 2905 tali
409 2877 500 2906 non
521 2877 711 2906 cercano
733 2863 763 2905 Γ
788 2862 898 2907 utile
919 2863 1020 2907 dele
1041 2863 1279 2919 pecorelle‚
1300 2877 1372 2904 ma
1393 2862 1435 2904 13
1456 2862 1574 2914 lana,
1600 2860 1630 2902 il
1651 2861 1778 2912 latte,

138 2946 199 2983 «et
218 2938 251 2981 il
270 2953 390 2982 caso.
422 2940 473 2982 L’
506 2953 596 2982 una
621 2938 667 2981 di
695 2946 854 2994 queste
876 2939 966 2983 due
993 2952 1100 2982 cose
1126 2939 1369 2982 leuarebbe
1397 2937 1530 2993 piano
1560 2936 1693 2992 piano
1715 2935 1782 2992 gli

147 3015 283 3059 abusi
311 3023 356 3061 et
384 3015 598 3068 scandali,
628 3023 674 3060 et
701 3016 1025 3061 introdurebbe
1051 3016 1082 3058 Γ
1114 3029 1197 3059 uso
1224 3023 1268 3061 et
1291 3016 1321 3058 Γ
1353 3013 1652 3066 edificatione,
1676 3027 1786 3056 cum
