2080 3536
863 256 920 283 AD
943 254 1168 282 LECTOREM
1762 256 1784 293 7

261 370 264 373 ’
286 352 359 395 De
379 349 575 407 singulis
596 363 756 406 pauca.

281 432 332 484 a)
392 426 622 484 Epistolae
657 425 939 470 incrementa
976 425 1216 471 Societatis
1246 426 1524 484 explicantes
1551 433 1630 469 aut
1651 424 1731 483 [res
1753 441 1834 482 per

191 488 343 550 socios
362 511 530 561 gestas.

279 583 386 638 Quo
408 587 608 637 tempore
630 579 847 636 epistolae
868 580 1006 636 hujus
1023 579 1266 624 voluminis
1282 581 1603 641 exarabantur,
1624 579 1832 625 Societas

183 661 312 717 Jesu,
338 657 595 714 quindecim
616 657 693 701 vix
715 672 858 701 annos
879 663 1002 711 nata,
1028 657 1183 701 divino
1206 657 1251 700 id
1268 657 1492 714 largiente
1509 656 1725 710 Numine,
1746 658 1832 700 sub

188 736 320 791 cujus
342 734 615 792 praesidium
637 748 735 778 eam
758 734 964 791 Ignatius
985 733 1177 790 positam
1200 749 1252 778 ac
1275 734 1509 779 defensam
1532 749 1634 778 esse
1665 733 1828 788 voluit,

186 827 268 858 sex
282 812 402 855 intra
419 813 645 868 Europam
662 812 929 856 numerabat
946 811 1219 868 provincias,
1235 810 1462 855 domicilia
1475 825 1586 855 vero
1603 825 1683 854 sex
1696 825 1832 867 supra

186 889 489 947 quadraginta
516 891 679 933 ¹.—De
701 888 873 941 Africa,
901 888 1106 944 Brasilia,
1131 889 1258 934 India
1287 888 1510 933 Orientali
1539 902 1592 931 ac
1614 887 1822 946 Japonia,

188 966 267 1010 ubi
289 967 442 1024 plures
463 952 762 1011 versabantur
789 965 916 1020 socii,
947 980 1051 1009 cum
1080 966 1223 1010 nostri
1251 965 1453 1010 muneris
1482 980 1578 1009 non
1605 965 1679 1017 sit,
1711 964 1822 1007 nihil

184 1050 254 1088 est
275 1058 356 1087 cur
377 1043 596 1087 dicamus.
623 1044 779 1099 Atque
796 1042 922 1087 Italia
944 1043 1127 1099 quidem
1148 1042 1397 1100 provincia,
1424 1042 1502 1086 ubi
1530 1041 1652 1087 beati
1681 1042 1823 1086 nostri

184 1120 458 1165 institutoris
478 1121 626 1173 sedeS,
648 1119 839 1163 caeteris
856 1119 1038 1175 quidem
1056 1119 1283 1176 antiquior
1300 1127 1385 1173 est,
1406 1119 1660 1175 meritoque
1681 1120 1824 1162 habe—

183 1205 256 1242 tur
276 1197 467 1242 aliarum
488 1211 667 1253 parens;
694 1211 830 1252 quam
860 1204 1060 1252 tempore
1089 1204 1344 1253 sequuntur
1370 1196 1583 1249 lusitana,
1614 1195 1822 1252 hispana,

179 1289 297 1332 quae
317 1274 365 1317 in
389 1275 680 1319 castellanam
703 1279 752 1318 et'
780 1273 1043 1330 aragoniam
1070 1274 1215 1317 divisa
1243 1273 1437 1330 primum
1467 1273 1569 1326 fuit,
1603 1281 1741 1329 atque
1763 1273 1825 1316 si-

178 1353 296 1396 cula.
323 1353 495 1396 Verum
519 1350 584 1395 sic
608 1350 715 1394 olim
739 1365 850 1407 erga
870 1350 1145 1396 Societatem
1163 1352 1280 1395 bene
1297 1351 1612 1394 afficiebantur
1627 1350 1822 1407 hispani,

178 1435 246 1473 tot
266 1428 351 1472 viri
373 1428 598 1485 principes
619 1427 661 1472 ei
683 1427 881 1484 collegia
902 1428 1170 1480 offerebant,
1204 1429 1570 1484 condebantque,
1603 1427 1667 1471 ita
1694 1428 1824 1472 deni-

176 1520 266 1562 que
287 1506 414 1559 socii,
441 1513 490 1549 ut
510 1505 704 1562 populos
723 1505 856 1548 bonis
879 1505 1079 1549 moribus
1101 1520 1153 1549 ac
1176 1505 1381 1549 doctrina
1411 1505 1684 1558 imbuerent,
1718 1505 1820 1548 ubi-

178 1597 267 1639 que
287 1584 634 1640 expetebantur,
660 1589 710 1625 ut
732 1597 919 1627 necesse
944 1582 1079 1626 fuerit
1096 1597 1263 1626 novam
1282 1581 1619 1639 provinciarum
1637 1582 1824 1625 divisio—

178 1675 284 1724 nem
321 1660 486 1704 induci.
517 1661 651 1705 Unde
679 1667 771 1705 tres
797 1659 1074 1705 constitutae
1100 1659 1382 1717 provinciae:
1416 1660 1682 1712 castellana,
1723 1674 1813 1703 ara-

179 1738 338 1796 gonia,
363 1737 559 1782 baetica:
584 1737 755 1781 eisdem
782 1737 1030 1794 praepositi
1058 1737 1359 1794 provinciales
1387 1737 1481 1781 dati
1509 1736 1739 1781 Antonius
1767 1738 1823 1780 de

178 1817 347 1869 Araoz,
371 1816 407 1859 F
409 1814 642 1858 ranciscus
663 1816 721 1858 de
745 1815 952 1867 Estrada,
979 1814 1175 1859 Michael
1197 1815 1255 1859 de
1277 1816 1458 1858 Torres:
1485 1813 1754 1870 cunctisque
1776 1814 1822 1856 in

177 1893 398 1950 Hispania
413 1900 469 1937 -et
498 1892 781 1950 Portugallia
818 1895 853 1936 F
856 1892 1090 1937 ranciscus
1120 1893 1303 1950 Borgia‚
1336 1891 1673 1944 commissarius
1701 1891 1821 1935 desi-

173 1978 358 2028 gnatus.
386 1972 555 2014 Eorum
578 1970 791 2027 epistolas
808 1970 995 2026 aliquot,
1017 1971 1219 2014 nondum
1237 1970 1398 2023 editas,
1418 1971 1595 2013 damus:

263 2047 498 2092 Michaelis
520 2048 578 2092 de
601 2049 783 2100 Torres,
812 2060 862 2091 21
891 2048 998 2104 Maj.
1026 2058 1139 2103 1554
1163 2049 1194 2091 ².

263 2125 494 2169 Francisci
516 2126 572 2168 de
597 2126 804 2178 Estrada,
824 2138 853 2180 4
876 2126 1001 2182 Aug.
1034 2136 1161 2180 1554,
1194 2126 1243 2169 18
1261 2127 1364 2184 Jan.
1398 2134 1525 2180 1555.

265 2202 455 2247 Antonii
473 2204 530 2247 de
552 2204 720 2255 Araoz,
741 2209 819 2246 aut
842 2203 974 2259 cujus
995 2217 1133 2259 opera
1154 2203 1228 2247 hic
1250 2202 1297 2246 in
1320 2202 1561 2246 scribendo
1584 2200 1814 2254 utebatur,

175 2279 367 2324 Antonii
389 2281 514 2333 Gou,
541 2291 595 2335 25
613 2282 701 2338 Jan
728 2314 738 2333 ,
765 2281 820 2323 28
843 2281 968 2334 Feb„
996 2293 1050 2324 22
1075 2281 1203 2336 Maj.,
1231 2291 1284 2335 25
1303 2282 1411 2338 Jun.
1451 2290 1578 2334 1554,
1605 2291 1657 2333 14
1675 2279 1808 2322 Febr.

186 2367 351 2412 1555--
1380 2359 1382 2361 ¹

259 2435 296 2477 F
298 2434 488 2478 rancisci
513 2434 705 2491 Borgiae
726 2434 940 2491 epistolas
963 2449 1053 2478 non
1081 2434 1365 2487 exhibemus,
1393 2441 1551 2491 utpote
1585 2434 1641 2476 ad
1681 2432 1815 2476 aliam

171 2512 591 2556 MONUMENTORUM
615 2518 789 2567 partem
813 2511 910 2555 sive
941 2511 1190 2556 sectionem
1219 2511 1306 2555 sibi
1334 2510 1560 2568 propriam
1583 2509 1816 2567 pertinen-

169 2594 252 2633 tes:
277 2587 453 2633 edimus
475 2603 584 2632 vero
606 2603 720 2644 quas
744 2588 941 2645 Borgiae
962 2588 1115 2632 socius
1135 2589 1183 2632 in
1200 2588 1497 2632 conficiendis
1512 2586 1755 2631 itineribus
1770 2595 1815 2630 et

167 2664 372 2722 collegiis
388 2665 715 2722 perlustrandis
732 2667 922 2709 Romam
937 2666 1161 2719 mittebat,
1184 2666 1560 2710 Bartholomaeus
1574 2665 1631 2708 de
1645 2666 1814 2708 Busta—

167 2749 335 2795 mante,
367 2755 383 2786 1
410 2743 558 2799 Sept.,
583 2743 612 2785 6
633 2744 751 2787 Nov.
784 2754 918 2798 1554,
947 2756 1003 2801 29
1025 2743 1138 2800 Apr.
1173 2754 1299 2798 1555.

254 2819 461 2862 Aliorum
487 2819 716 2863 sociorum
739 2821 890 2876 plures
923 2820 1105 2876 quidem
1138 2827 1246 2864 sunt
1277 2819 1511 2876 epistolae,
1547 2818 1665 2862 inter
1698 2832 1813 2874 quas

165 2893 415 2951 principem
443 2895 528 2939 sibi
555 2896 706 2940 locum
734 2896 984 2949 vindicant,
1011 2897 1178 2954 quippe
1207 2911 1326 2953 quae
1346 2896 1473 2939 initia
1500 2902 1580 2939 aut
1596 2909 1811 2952 progres-

241 3002 252 3022 ¹
307 2999 523 3046 POLANCO,
540 3006 573 3037 t.
596 3010 638 3046 v,
656 3014 749 3050 pag.
774 3011 811 3048 5,
828 3003 867 3049 6,
881 3015 919 3038 n.
944 3011 959 3038 1
981 3014 1070 3038 cum
1089 3002 1279 3051 subjectis
1298 3001 1633 3038 annotationibus.

239 3062 254 3082 2
305 3058 358 3094 Hi
377 3064 417 3095 et
433 3065 644 3107 sequentes
662 3061 815 3098 numeri
832 3061 936 3098 diem
954 3062 1142 3109 indicant,
1161 3074 1237 3110 quo
1255 3062 1410 3098 litterae
1428 3056 1542 3097 datae
1560 3066 1665 3096 sunt.
