2060 3450
775 255 819 293 19
843 247 1014 283 Armis
1042 255 1131 293 1555
1653 247 1723 293 589

229 349 390 407 Hoggi
410 349 479 393 s'e
501 348 667 406 partito
697 344 743 392 di
769 349 959 393 Ferrara
979 347 1011 391 il
1041 349 1088 392 P.
1115 350 1178 393 M.
1211 349 1409 405 Laynez,
1442 362 1521 404 per
1543 349 1771 405 Bologna,

139 433 187 471 et
207 426 240 470 il
262 426 436 470 fratello
458 427 520 470 M.
545 424 696 469 Gioan
718 423 901 470 Valerio
922 424 1020 468 heri
1041 424 1228 477 matino‚
1259 439 1340 482 per
1360 424 1517 469 uenire
1539 424 1584 467 in
1607 426 1770 469 Roma-

226 503 275 549 Si
296 503 522 546 mandano
538 503 581 545 16
596 501 853 545 condicioni
869 500 1125 558 particolari
1145 502 1220 545 del
1241 500 1469 558 colleggio
1485 501 1530 544 di
1552 502 1771 546 Modona.

230 581 335 624 Non
358 580 487 623 altro.
514 577 802 622 All'orationi
828 577 875 620 di
902 577 1010 621 tutti
1031 577 1073 621 ci
1101 578 1491 621 raccomandiamo
1522 579 1677 621 molto.
1697 577 1770 622 Da

140 659 213 701 Da
248 658 437 701 Ferrara
467 670 494 698 a
535 656 586 699 18
622 654 668 697 di
705 654 862 711 Aprile
905 664 1031 709 1555.
1074 655 1165 699 Per
1200 654 1492 699 commisione
1527 654 1573 697 di
1610 663 1775 698 nostro

142 734 195 778 P.
223 735 285 778 M.
305 735 481 791 Joanne
504 731 760 776 Pelletario.
786 733 844 775 D.
870 733 926 775 V.
953 733 1008 775 R.
1032 731 1194 775 inutile
1214 744 1364 784 seruo,

966 819 1224 863 AMBROSIO
1257 819 1542 864 PUmemo.

229 963 488 1019 Inscriptio:
503 926 636 1020 Jhiis.
663 962 724 1005 Al
745 961 885 1004 molto
907 960 1022 1004 Rd0.
1048 961 1096 1004 in
1116 960 1203 1004 X.‘’
1227 962 1390 1014 Padre,
1415 961 1447 1003 il
1470 960 1518 1005 P.
1545 963 1607 1005 M.
1633 962 1776 1018 Igna-

138 1039 202 1083 tio
230 1039 276 1082 di
305 1039 490 1096 Loyola,
523 1037 750 1095 preposito
783 1038 996 1094 generale
1025 1037 1143 1082 della
1174 1038 1458 1095 Compagnia
1488 1037 1534 1081 di
1560 1039 1688 1096 Jesu,
1722 1038 1774 1081 in

138 1119 296 1161 Roma.

895 1352 1019 1392 9418

715 1452 992 1490 PHILIPPUS
1018 1452 1189 1488 FABER

436 1537 651 1580 PATRI
690 1537 952 1594 JOANNI
998 1537 1086 1580 DE
1135 1537 1472 1580 POLANCO

654 1639 817 1667 uuum.
845 1639 888 1676 19
912 1638 1074 1666 APRILIS
1104 1638 1192 1676 1555
1215 1633 1245 1666 ¹.

135 1714 237 1751 Cum
251 1714 346 1750 socii
363 1712 605 1749 mutinenses
622 1724 696 1749 nec
712 1713 870 1748 domum
887 1724 961 1748 nee
978 1714 1167 1760 templum
1189 1714 1359 1750 habeant
1382 1713 1431 1749 ad
1455 1710 1664 1750 Societ'atis
1688 1726 1777 1750 mu—

206 1785 299 1810 nera
316 1772 509 1817 obeunda,
528 1785 578 1808 ex
595 1784 673 1820 quo
688 1772 733 1808 fit
750 1778 793 1808 ut
811 1772 976 1818 exiguus
994 1783 1044 1808 ex
1062 1778 1203 1808 navata
1222 1784 1339 1820 opera
1355 1772 1506 1809 fructus
1523 1773 1776 1821 decerpatur,

207 1832 378 1869 rationes
395 1833 522 1868 Faber
538 1831 718 1879 proponit
735 1831 974 1868 domicilium
997 1832 1138 1868 stabile
1169 1833 1434 1880 templumque
1459 1834 1654 1880 proprium
1671 1835 1771 1870 obti-

210 1892 343 1929 nendi.

942 1974 965 2008 †

909 2011 999 2053 Ihs.

231 2108 297 2151 La
324 2106 471 2163 gratia
497 2112 544 2150 et
565 2120 676 2162 pace
703 2105 749 2148 di
778 2105 959 2150 Christo
990 2113 1146 2149 nostro
1174 2105 1331 2162 signor
1357 2121 1512 2151 cresca
1540 2114 1586 2151 et
1612 2109 1771 2164 s’aug—

143 2183 283 2227 menti
319 2197 497 2239 sempre
532 2181 607 2226 nei
642 2181 770 2226 cuori
806 2181 961 2225 nostri.
994 2183 1162 2226 Amen.
1200 2183 1496 2237 Quantuneh’
1526 2183 1570 2227 io
1596 2183 1769 2240 sappia,

142 2260 287 2304 molto
307 2260 421 2303 Rdo.
445 2258 491 2302 in
514 2258 599 2302 X.⁰
623 2260 785 2311 Padre,
817 2258 1137 2314 l'oecupationi
1165 2265 1320 2302 uostre
1346 2260 1661 2316 grandissime‚
1687 2261 1764 2304 sti-

142 2337 315 2380 mulato
335 2335 607 2388 nondimeno
629 2336 703 2378 dal
719 2335 834 2378 zielo
854 2335 927 2378 del
949 2334 1090 2378 diuin’
1109 2336 1282 2380 honore
1303 2343 1349 2380 et
1365 2338 1510 2380 salute
1532 2338 1649 2381 delle
1672 2337 1770 2380 ani—

142 2426 238 2468 me,
268 2412 330 2455 mi
355 2426 527 2455 muouo
553 2426 639 2455 con
667 2412 710 2455 la
736 2412 1001 2456 confidenza
1029 2426 1055 2454 a
1082 2411 1195 2455 darli
1225 2419 1387 2468 questo
1420 2413 1625 2456 disturbo
1653 2415 1771 2457 nella

144 2488 599 2548 raccoma[n]datione
618 2487 700 2531 d'il
721 2496 944 2544 seguente
964 2488 1165 2544 negotio,
1190 2503 1281 2532 non
1298 2491 1508 2534 hauendo
1525 2490 1639 2533 costi
1657 2491 1776 2533 altrov

146 2581 317 2612 mezzo.
343 2567 408 2609 La
430 2567 484 2609 R.
510 2567 567 2609 V.
593 2566 741 2610 debbe
762 2579 935 2621 sapere,
955 2579 1082 2608 come
1105 2580 1162 2609 ua
1183 2580 1261 2621 per
1285 2574 1353 2610 tre
1374 2566 1479 2609 anni
1502 2568 1586 2610 che
1609 2574 1777 2622 questo

145 2650 303 2687 nostro
323 2642 548 2698 eolleggio
570 2642 685 2685 dela
706 2641 988 2698 Compagnia
1004 2643 1060 2686 de
1085 2643 1187 2698 Iesu
1209 2644 1235 2686 e
1255 2643 1300 2686 in
1326 2643 1534 2695 Modena,
1556 2650 1601 2687 et
1623 2644 1711 2686 mai
1729 2644 1773 2686 ci

146 2723 172 2765 6
204 2726 324 2764 stato
355 2720 490 2763 modo
519 2719 577 2762 ne
609 2718 683 2761 uia
714 2719 1074 2762 d’accomodarlo
1105 2718 1150 2762 di
1178 2721 1369 2776 qualche
1398 2734 1502 2763 casa
1530 2727 1575 2763 et
1599 2719 1767 2772 chiesa,

146 2796 248 2841 anzi
269 2795 411 2840 siamo
433 2794 669 2839 constretti
695 2808 782 2837 con
810 2793 1111 2850 grandissimo
1132 2795 1338 2839 disturbo
1361 2796 1405 2838 di
1434 2796 1635 2847 mutarsi‚
1662 2798 1772 2840 hora

144 2874 192 2917 in
215 2880 375 2930 questa
395 2887 515 2925 casa,
539 2873 652 2914 hora
679 2870 726 2914 in
758 2871 906 2926 quella
931 2871 1059 2923 altra,
1090 2873 1295 2929 pagando
1317 2872 1403 2915 fitti
1434 2887 1565 2929 sopra
1587 2873 1628 2917 le
1651 2873 1777 2916 forze

223 3044 234 3064 ¹
285 3041 344 3076 Ex
361 3039 540 3086 originali
557 3038 597 3075 in
615 3038 693 3073 vol.
712 3037 757 3083 F,
776 3036 920 3084 duplici
938 3036 1044 3078 folio,
1063 3048 1107 3072 n.
1127 3036 1188 3083 31,
1208 3038 1314 3085 prius
1333 3039 1412 3083 164,
1434 3038 1513 3082 165.
