2060 3432
313 223 386 260 826
794 222 1034 258 Emsromss
1058 218 1371 258 MIXTAE⁴=1023

1005 473 1166 514 1923

840 574 1080 622 JOANNES
1106 573 1176 612 DE
1201 573 1349 612 VEGA

639 671 826 715 PATRI
858 670 1121 715 IGNATIO
1154 671 1237 715 DE
1269 671 1530 716 LOYOLA

766 772 962 801 MESSANA
980 772 1026 810 27
1044 772 1228 802 AUGUSTi
1248 773 1340 811 1555
1360 767 1390 802 ¹.

266 858 408 905 Aequo
421 856 550 892 animo
563 855 639 892 fert
652 855 778 901 Vega,
787 854 942 890 Patrem
956 853 1115 901 Lainez,
1129 854 1275 890 Romae
1288 866 1311 890 a
1324 866 1475 891 summo
1488 854 1672 902 pontifice
1685 860 1900 904 retentum,

848 913 1069 950 Messanam
1086 925 1165 950 non
1182 914 1331 951 venire.

1074 996 1104 1056 †

359 1097 470 1151 Muy
490 1094 607 1138 Rdo.
633 1099 767 1138 sefior
792 1093 954 1138 Padre.
976 1093 1050 1136 He
1066 1092 1278 1149 receuido
1297 1094 1340 1137 la
1356 1099 1481 1137 carta
1498 1094 1555 1138 de
1571 1094 1629 1137 V.
1658 1094 1711 1137 P.
1732 1108 1790 1138 en
1806 1107 1904 1138 res-

267 1178 431 1230 puesta
450 1172 509 1216 de
529 1172 572 1215 13
594 1185 682 1227 que
704 1185 763 1227 yo
785 1173 932 1214 screui
954 1171 1086 1214 sobre
1108 1171 1151 1214 13
1171 1170 1336 1215 venida
1357 1171 1430 1215 del
1456 1173 1507 1214 P.
1535 1173 1669 1215 Mtro.
1691 1170 1859 1215 Lainez
1875 1175 1903 1215 3

269 1248 474 1307 predicar
491 1263 549 1292 θη
566 1247 744 1304 Μθςίη3
761 1254 858 1292 esta
870 1261 1124 1303 quaresma,
1140 1261 1245 1303 que,
1260 1247 1417 1304 cierto,
1433 1248 1615 1303 quando
1631 1262 1692 1291 no
1709 1247 1901 1291 huuiera

264 1333 368 1371 otra
389 1339 494 1369 cosa
517 1326 573 1369 de
603 1339 761 1381 mayor
791 1323 1088 1380 importancia
1115 1325 1189 1369 del
1216 1323 1410 1368 seruicio
1438 1325 1496 1368 de
1522 1323 1656 1378 Dios,
1683 1327 1903 1370 teniamos

267 1417 384 1460 gran
406 1417 650 1459 esperanca
670 1416 760 1458 que
781 1401 949 1445 hiziera
971 1403 1138 1445 mucho
1161 1402 1281 1445 fruto
1302 1417 1332 1458 y
1353 1401 1478 1446 diera
1499 1403 1662 1445 mucha
1692 1402 1901 1446 consola-

267 1480 387 1537 ςίόη,
411 1494 599 1536 porque,
624 1479 801 1536 gracias
823 1494 932 1523 sean
954 1479 1094 1522 dadas
1115 1483 1142 1523 3
1163 1487 1351 1523 nuestro
1374 1480 1536 1533 Sefior,
1557 1479 1600 1523 13
1617 1485 1756 1536 gente
1772 1478 1902 1523 desta

266 1557 434 1614 ciudad
454 1561 551 1601 esta
573 1571 630 1600 en
652 1558 819 1600 mucho
840 1556 982 1612 mejor
1003 1555 1280 1613 dispusiciOn
1301 1556 1359 1601 de
1379 1557 1423 1600 10
1445 1570 1535 1612 que
1555 1558 1614 1599 ha
1642 1556 1799 1601 estado
1820 1570 1904 1612 por

266 1634 313 1678 10
334 1635 512 1690 pasado.
539 1635 638 1677 Mas
659 1632 996 1678 interuiniendo
1013 1647 1070 1676 en
1088 1647 1189 1677 esse
1210 1632 1403 1689 negocio
1420 1632 1756 1676 mandamiento
1773 1633 1830 1676 de
1846 1647 1903 1677 su

268 1710 468 1754 santidat
502 1725 533 1767 y
562 1710 708 1766 officio
745 1725 803 1754 en
831 1724 921 1766 que
958 1716 1084 1753 tanto
1121 1710 1279 1766 podria
1314 1709 1511 1754 seruirse
1545 1717 1731 1753 nuestro
1767 1715 1904 1767 sefioi·

267 1787 396 1841 Dios,
421 1802 480 1843 yo
508 1801 579 1831 me
608 1801 813 1843 repongo
841 1787 899 1831 de
926 1785 988 1829 mi
1015 1787 1260 1841 demanda,
1291 1802 1321 1843 y
1347 1787 1392 1830 10
1419 1787 1536 1830 (1θΧο
1563 1802 1622 1831 θη
1650 1801 1810 1831 manos
1842 1786 1900 1831 de

267 1864 325 1908 V.
349 1865 424 1919 R.,
448 1879 573 1921 para,
598 1867 745 1920 segt'm
767 1864 837 1907 los
859 1863 1051 1920 tiempos
1073 1863 1354 1918 sucedierem
1385 1878 1415 1919 y
1436 1863 1559 1907 viere
1579 1863 1626 1906 lo
1646 1867 1742 1906 mas
1765 1877 1901 1919 opor-

266 1947 380 1984 tuno
400 1956 430 1998 y
452 1942 750 1997 prouechoso‚
775 1941 952 1996 aquello
973 1941 1112 1997 haga,
1132 1954 1263 1983 como
1284 1940 1463 1996 sienpre
1478 1942 1591 1983 haze
1608 1941 1641 1983 ²:
1666 1955 1696 1996 y
1713 1945 1901 1984 nuestro

264 2018 414 2063 Sefior
432 2018 475 2062 le
496 2018 701 2072 alunbra,
726 2031 843 2073 cuya
864 2031 973 2073 muy
996 2017 1110 2060 Rda.
1135 2031 1327 2074 persona
1350 2025 1537 2061 nuestro
1559 2018 1706 2062 Sefior
1726 2016 1901 2073 guarde

266 2110 298 2151 y
328 2109 555 2151 prospere.
591 2096 661 2138 De
697 2093 875 2150 Mecina
910 2098 937 2138 3
973 2108 1105 2138 xxvii
1141 2094 1198 2138 de
1238 2095 1420 2151 Agosto
1463 2104 1590 2149 1555.
1626 2094 1671 2137 A
1707 2092 1902 2138 seruicio

269 2171 329 2215 de
351 2173 409 2216 V.
437 2173 511 2226 P.,

1257 2250 1384 2306 JUAN
1416 2261 1480 2292 DE
1512 2249 1666 2292 VEGA.

357 2326 614 2382 Inscrz'piio:
636 2326 665 2383 †
687 2326 747 2369 Al
769 2339 879 2381 muy
900 2325 1016 2370 Rdo.
1040 2331 1177 2369 sefior
1195 2326 1359 2378 Padre,
1381 2324 1519 2380 micet
1535 2323 1720 2381 Ignacio
1737 2324 1795 2369 de
1811 2324 1902 2368 Lo-

262 2403 385 2460 yola,
408 2402 636 2460 prepbsito
658 2403 844 2460 general
865 2403 921 2446 de
942 2403 987 2447 13
1012 2403 1262 2460 Compar-fia
1284 2402 1342 2447 de
1357 2404 1510 2460 Jesi'is.
1538 2403 1607 2444 En
1629 2403 1789 2445 Roma.

341 2558 351 2579 ¹
401 2557 460 2592 Ex
477 2555 656 2603 originali
673 2555 713 2592 in
731 2557 813 2592 vol.
837 2556 881 2601 F,
901 2554 1048 2603 duplici
1065 2555 1174 2603 folio,
1194 2568 1233 2592 n.
1252 2565 1313 2602 42,
1333 2554 1440 2603 prius
1459 2563 1541 2602 219.

337 2619 351 2638 ²
402 2616 620 2663 Seripserat
637 2615 812 2661 Ignatius
831 2615 972 2661 Joanni
989 2615 1038 2651 de
1056 2616 1167 2662 Vega
1184 2625 1203 2661 4
1225 2615 1397 2661 Augusti
1423 2622 1527 2660 1555:
1556 2613 1785 2650 «Pensando
1802 2612 1906 2661 [La'i-

264 2675 354 2722 nez]
372 2680 495 2710 tomar
513 2674 677 2711 licencia
693 2686 719 2721 y
737 2675 773 2710 la
789 2674 999 2711 bendieicsn
1017 2674 1066 2710 de
1084 2674 1139 2710 Su
1157 2673 1346 2710 Santidad
1363 2685 1455 2721 para
1475 2673 1702 2721 partirse...‚
1721 2674 1758 2709 el
1782 2673 1902 2720 Papa,

264 2734 460 2770 habiendo
478 2733 677 2770 conferido
694 2745 768 2770 con
786 2736 822 2769 el
841 2735 1003 2780 algunas
1021 2745 1132 2771 cosas
1150 2733 1199 2770 de
1225 2735 1363 2770 mucha
1385 2733 1694 2779 consideracion,
1713 2732 1902 2779 agi-adan—

262 2792 353 2828 dole
370 2794 531 2840 algunos
545 2792 753 2829 recuerdos
768 2805 843 2840 que
858 2794 894 2828 le
909 2793 1023 2838 daba,
1038 2795 1075 2829 le
1094 2793 1234 2829 mando
1251 2794 1296 2829 in
1313 2794 1463 2829 virtute
1480 2795 1641 2828 sanctae
1659 2792 1905 2828 obedientiae

265 2863 341 2899 que
358 2862 408 2888 no
425 2864 468 2888 se
486 2852 655 2899 partiese
673 2851 721 2888 de
739 2852 876 2898 Roma,
904 2864 930 2899 y
947 2864 1023 2900 que
1047 2864 1090 2888 se
1113 2851 1245 2898 dejase
1273 2863 1343 2887 ver
1360 2852 1519 2887 muchas
1543 2862 1676 2897 veces,
1694 2851 1807 2886 hasta
1823 2861 1900 2898 que

262 2922 308 2946 se
325 2910 434 2947 diese
451 2917 557 2947 corte
576 2923 625 2947 en
642 2911 816 2958 aquellos
835 2911 1021 2958 negocios
1038 2923 1115 2959 que
1133 2922 1175 2946 se
1194 2912 1412 2947 trataban».
1441 2909 1587 2946 cartas
1604 2910 1652 2946 de
1671 2909 1757 2946 San
1777 2909 1904 2958 Igna-

262 2971 337 3012 cio,
357 2976 389 3007 t.
413 2979 453 3006 v.
473 2982 561 3017 pag.
579 2970 661 3015 276.
681 2969 781 3006 Vide
800 2970 917 3006 etiam
936 2971 1152 3017 POLANCO,
1170 2975 1204 3006 t.
1226 2978 1268 3016 V,
1287 2981 1380 3016 pag.
1400 2968 1461 3016 33,
1479 2967 1541 3016 34,
1559 2980 1602 3005 n.
1622 2976 1669 3015 59
1686 2973 1726 3004 et
1749 2967 1811 3014 60,
1830 2967 1904 3004 ubi

264 3030 404 3076 multa,
423 3030 524 3066 scitu
539 3029 672 3076 digna,
691 3034 895 3065 narrantur
911 3029 959 3065 ad
977 3029 1121 3066 Lainez
1139 3028 1370 3076 spectantia.
