2060 3450
305 242 372 280 552
801 234 1037 269 EP1STOLAE
1062 231 1349 278 MlxrAE—937

223 377 231 382 .
254 336 311 379 ad
331 334 441 392 ogni
462 349 583 389 6053;
622 336 679 378 (16
706 334 842 378 l’altri
869 334 1018 390 quella
1045 336 1090 377 n'
1121 335 1180 377 ha
1209 333 1354 390 copia,
1379 340 1426 378 et
1447 349 1474 377 a
1496 334 1572 377 noi
1593 335 1708 378 saria
1731 336 1885 378 buono

253 412 473 469 ogniuno,
498 419 544 456 et
566 426 653 455 con
676 426 738 455 un
759 426 873 468 poco
895 411 940 454 di
964 418 1115 467 tempo
1131 411 1175 453 13
1192 410 1363 466 poteria
1378 410 1547 467 empire
1563 410 1595 454 il
1609 411 1818 469 collegio,
1838 418 1885 457 et

253 488 300 531 in
323 496 484 545 questo
506 503 661 533 mezzo
683 489 771 533 Dio
793 503 885 531 non
907 490 1078 531 restara
1099 473 1388 531 abandonato
1410 488 1468 532 da
1495 487 1595 531 suoi
1625 488 1813 546 operarij
1837 488 1884 532 in

256 573 417 622 questo
437 567 595 623 luogo,
621 567 739 611 doue
760 567 802 608 16
823 566 955 608 biade
977 564 1260 608 cominciano
1282 580 1308 608 a
1331 565 1448 608 farse
1469 564 1662 608 bianche
1682 580 1794 622 pure
1810 580 1884 610 as·

255 643 336 687 sai.
369 644 434 687 La
460 643 718 700 prouisione
746 645 830 686 6116
856 643 899 685 13
928 641 1159 685 comunita
1184 643 1244 685 ha
1270 642 1516 695 decretata,
1547 643 1574 685 6
1600 642 1767 696 1)ι1003;
1801 645 1887 688 6116

255 733 342 763 600
362 719 394 762 11
415 719 577 763 salario
598 720 671 764 del
693 726 905 772 maestro,
930 719 1004 762 del
1026 717 1284 774 repetitore,
1310 718 1411 762 dela
1437 733 1584 762 messa
1612 733 1692 775 per
1713 719 1757 762 la
1777 733 1886 776 cap-

256 798 387 853 pella,
418 798 518 842 dele
554 811 660 842 6356
697 798 781 840 6116
809 796 847 839 51
875 796 1026 840 (13000
1053 797 1095 839 31
1124 795 1333 852 collegio,
1365 801 1411 839 et
1438 794 1484 837 di
1512 805 1634 839 certa
1656 795 1886 852 prouision

256 874 331 918 del
351 874 586 930 hospitale,
612 880 658 916 et
680 874 737 918 de
757 874 800 917 13
820 873 1054 927 63000163,
1073 874 1099 916 6
1115 874 1202 917 ben
1221 879 1353 917 cento
1375 873 1520 925 scudi,
1540 880 1586 916 et
1607 887 1719 916 sono
1741 872 1885 917 dinari

254 952 342 994 6116
362 966 454 994 000
477 950 514 994 51
536 965 687 994 uanno
709 949 1023 1003 mendicando,
1049 964 1135 993 con
1156 949 1335 1007 disegni
1357 949 1467 994 certi
1489 951 1532 992 d’
1557 951 1742 1003 hauere,
1769 950 1884 993 oltra

255 1027 422 1083 questi,
447 1027 573 1071 molti
595 1027 697 1072 altri
718 1026 844 1071 aiuti.
870 1028 906 1070 Il
926 1026 1013 1071 sito
1034 1028 1135 1072 dele
1158 1041 1262 1071 6356
1283 1028 1309 1071 6
1330 1028 1375 1070 d'
1400 1026 1493 1070 aria
1509 1028 1678 1081 buona,
1703 1041 1886 1084 capace,

257 1106 494 1147 commodo
516 1119 542 1148 3
562 1105 606 1148 13
628 1104 753 1158 citta,
779 1111 825 1149 et
847 1105 891 1147 d'
922 1103 1161 1148 assettarsi'
1181 1119 1268 1148 600
1289 1118 1404 1161 0063
1425 1118 1570 1160 50653.
1597 1105 1633 1147 Il
1652 1105 1792 1161 luogo
1812 1103 1891 1159 qui

256 1182 284 1224 6
305 1182 380 1224 061
401 1188 558 1224 uostro
579 1196 730 1238 passo,
756 1181 908 1225 uicino
929 1197 956 1225 3
978 1183 1138 1234 Roma,
1159 1182 1233 1225 nel
1255 1196 1408 1224 mezzo
1429 1182 1518 1224 del'
1537 1181 1734 1235 Etruria,
1759 1181 1891 1225 nobi—

258 1259 317 1311 le,
343 1259 557 1314 populato
580 1259 712 1311 assai,
739 1259 1016 1314 abundante,
1048 1265 1094 1304 et
1122 1260 1233 1303 hora
1259 1258 1519 1303 desideroso
1550 1259 1595 1301 d’
1625 1260 1794 1303 hauere
1821 1258 1892 1302 in-

259 1334 468 1378 stitution
490 1335 750 1379 christiana.
777 1336 865 1380 Dio
888 1337 1101 1393 adunque
1122 1351 1204 1393 per
1224 1336 1256 1379 il
1277 1335 1464 1380 seruitio
1486 1336 1559 1380 del
1580 1335 1800 1392 prossimo
1821 1334 1892 1379 in-

259 1411 367 1468 spiri
389 1413 446 1456 V.
475 1414 528 1456 R.
556 1427 580 1456 a
602 1412 793 1470 pigliare
807 1420 968 1469 questa
984 1413 1194 1470 11001653,
1219 1420 1266 1457 et
1286 1412 1411 1456 darei
1427 1413 1551 1456 aiuto
1568 1427 1655 1456 con
1675 1412 1707 1455 11
1723 1411 1890 1469 presto,

257 1490 424 1545 perche
446 1489 474 1531 li
499 1489 616 1546 putti
638 1504 730 1533 non
746 1491 946 1547 perdano
964 1497 1130 1547 tempo.
1152 1492 1210 1533 Et
1226 1504 1312 1534 con
1329 1497 1506 1546 que-sto,
1527 1489 1789 1535 desideroso
1805 1491 1891 1533 che

254 1565 293 1608 si
316 1565 476 1622 preghi
500 1566 587 1610 Dio
604 1581 682 1622 per
699 1582 787 1621 me,
807 1566 932 1611 366ἰό
950 1582 1041 1611 000
1063 1567 1214 1624 guasti
1231 1567 1401 1623 l'opere
1418 1582 1515 1620 sue,
1535 1567 1578 1611 16
1594 1568 1704 1610 baso
1720 1565 1890 1610 humil-

256 1649 409 1687 mente
440 1644 481 1687 le
514 1643 649 1687 mani.
686 1643 745 1687 Di
776 1645 962 1700 Spoleto
993 1644 1024 1686 11
1056 1658 1176 1688 xvm
1207 1643 1252 1686 di
1284 1643 1476 1687 Febraio
1512 1654 1637 1699 1555.
1669 1642 1728 1687 Di
1753 1645 1808 1688 V.
1834 1645 1886 1686 R.

251 1733 387 1762 servo
409 1727 454 1763 et
476 1719 617 1776 figlio‚

1245 1798 1441 1842 G10UAN
1475 1799 1649 1843 OLIUA.

346 1874 605 1929 Inscriptio:
626 1875 687 1917 Al
715 1874 852 1918 molto
880 1875 993 1918 Rdo.
1026 1874 1072 1917 10
1100 1875 1281 1919 Christo
1306 1877 1458 1929 Patre,
1489 1875 1520 1917 il
1543 1877 1594 1919 P.
1622 1877 1685 1919 M.
1711 1873 1888 1931 Ignatio

255 1950 315 1994 de
336 1937 522 2006 Loyola,
546 1957 760 2007 proposto
782 1952 995 2008 generale
1017 1953 1118 1996 dela
1141 1952 1424 2009 Compagnia
1445 1952 1518 1997 del
1541 1953 1680 1996 Yesfl.

346 2028 454 2070 Alia
475 2042 634 2070 manu:
655 2027 787 2086 [R.ta]
811 2028 885 2071 alli
908 2041 932 2071 2
951 2028 996 2071 di
1018 2031 1188 2073 Marzo.

1021 2183 1139 2223 937

757 2271 998 2318 JOANNES
1024 2273 1386 2310 PELLETARIUS

607 2350 810 2405 [PATRI
847 2350 1109 2394 IGNATIO
1141 2352 1224 2394 DE
1263 2349 1538 2410 LOYOLA]

718 2450 929 2479 FERRARIA
957 2453 1000 2479 22
1026 2453 1253 2481 FEBRUARn
1282 2453 1370 2490 1555
1400 2447 1427 2480 ¹.
1458 2471 1460 2473 -

259 2525 303 2559 Ρ.
337 2526 507 2571 Joannes
539 2525 675 2572 Niger,
706 2525 915 2562 accerrime
945 2539 1033 2562 cum
1065 2532 1189 2563 morte
1213 2528 1459 2574 colluctatus,
1485 2527 1525 2564 in
1543 2527 1742 2563 meliorem
1766 2526 1885 2562 vitam

758 2585 957 2631 migravit.
970 2586 1213 2622 —Sociorum
1232 2598 1385 2623 sensus.

1060 2670 1083 2704 ,Γ

1020 2708 1119 2764 Jhs.

352 2799 416 2841 La
447 2798 594 2855 gratia
626 2805 672 2842 et
699 2813 851 2843 amore
879 2801 951 2844 del
979 2800 1135 2857 signor
1163 2808 1317 2845 nostro
1346 2803 1456 2859 jesu
1485 2802 1570 2844 X.⁰
1598 2800 1641 2844 di
1674 2799 1889 2844 continuo

263 2888 417 2917 cresca
438 2875 685 2919 nell'animi
707 2876 864 2919 nostri.
898 2879 1062 2921 Amen.
1095 2877 1333 2922 Dominica
1360 2884 1558 2933 passata,
1585 2893 1610 2920 a
1645 2889 1694 2920 12
1718 2878 1826 2920 hore
1847 2876 1891 2919 la

338 2974 349 2995 ¹
398 2976 455 3010 Ex
474 2976 711 3023 autographo
728 2975 767 3011 in
787 2977 866 3012 vol.
891 2978 935 3022 F,
956 2978 1069 3013 unico
1088 2977 1194 3023 folio,
1214 2991 1252 3013 0.
1272 2977 1333 3024 30,
1353 2978 1459 3025 prius
1486 2976 1728 3023 153.—Hanc
1746 2975 1890 3023 episto-

259 3033 339 3067 lam
358 3033 534 3069 adhibuit
551 3035 768 3076 Pom-Neo,
788 3040 816 3070 t.
836 3043 876 3081 ν,
896 3047 984 3082 pag.
1007 3035 1087 3083 134,
1106 3035 1186 3081 135,
1205 3049 1244 3072 n.
1260 3036 1342 3072 382.
