2060 3432
793 235 836 273 31
857 237 959 281 MAJI
986 244 1075 283 1555
1629 237 1699 282 673

120 339 211 384 fide
232 339 433 397 dignam,
458 354 653 396 persona
673 338 883 396 religiosa
904 339 961 382 ad
982 351 1056 381 me
1074 339 1132 382 26
1146 337 1282 381 huius
1297 337 1417 381 misit
1444 339 1472 381 ¹.
1494 338 1746 383 Prohibitio

122 415 262 474 igitur
278 416 353 460 illa
368 431 459 460 non
473 415 660 460 offendit
676 430 763 468 me,
788 414 1011 472 religiosis
1032 414 1152 458 enim
1172 414 1282 458 satis
1298 414 1529 471 prouisum
1550 414 1745 459 videtur:

125 507 210 538 nec
238 500 307 539 est
333 492 528 536 instituti
555 491 727 551 [nostri]
758 491 844 535 illis
871 507 954 536 nos
982 492 1175 535 multum
1206 505 1444 548 occupare,
1478 506 1563 536 nec
1599 499 1747 546 vacat,

127 571 207 614 sed
228 570 342 614 ratio
361 570 436 613 illa
457 570 632 615 adiecta
654 569 827 625 aliquos
851 570 1033 614 turbare
1052 568 1248 623 videtur,
1272 567 1501 611 infamiam
1524 568 1642 613 enim
1660 583 1752 612 non

127 646 357 690 minimam
380 646 519 690 totius
540 646 780 691 Societatis
802 660 962 690 sonare
982 645 1179 699 videtur,
1205 644 1415 688 videlicet
1435 652 1618 701 propter
1639 660 1751 701 que—

128 724 247 778 dam,
273 738 361 780 que
383 723 503 767 domi
521 723 828 780 contigerunt,
846 722 945 779 ipso
965 721 1132 766 ibidem
1149 729 1374 779 presente.
1392 722 1513 766 Sane
1527 721 1690 778 ingens
1706 729 1752 766 et

126 801 338 857 generale
375 800 601 856 quoddam
637 799 805 842 malum
841 799 1021 843 videtur
1057 798 1178 842 domi
1214 798 1260 842 in
1296 798 1526 843 Societate
1566 798 1748 852 vidisse,

125 884 307 934 propter
329 878 450 933 quod
471 876 676 920 subditos
698 890 805 920 suos
831 876 1013 932 penitus
1034 877 1195 933 fugere
1225 875 1331 919 velit
1359 890 1538 919 omnem
1562 876 1753 919 familia-

125 953 303 998 ritatem
339 961 385 997 et
420 953 693 1009 colloquium
730 968 834 996 cum
866 953 1017 1009 aliquo
1053 968 1135 998 seu
1165 952 1391 1008 aliquibus
1419 953 1476 997 de
1504 952 1748 1006 Societate‚

125 1031 249 1086 quod
272 1030 453 1086 quidem
475 1030 600 1074 nullo
630 1030 763 1073 modo
794 1028 1035 1083 credimus;
1060 1035 1259 1073 attamen
1282 1028 1344 1072 ita
1373 1028 1686 1086 intelligentur
1707 1036 1753 1074 et

125 1106 318 1164 intelligi
341 1106 551 1150 videntur
578 1106 698 1150 dicta
724 1107 863 1151 verba
890 1105 1167 1150 confessarii.
1196 1107 1253 1149 Et
1275 1120 1384 1150 sane
1413 1120 1506 1148 non
1533 1106 1661 1162 parui
1682 1105 1753 1148 vi-

127 1184 260 1227 detur
283 1183 555 1236 faciendum,
580 1183 773 1227 maxime
794 1183 916 1239 apud
936 1182 1220 1237 infirmiores,
1244 1198 1304 1227 ne
1325 1182 1471 1226 dicam
1494 1182 1751 1239 prouectio-

128 1276 217 1316 res,
248 1261 370 1317 quod
398 1268 552 1303 tantus
577 1259 661 1314 vir,
693 1267 783 1304 tam
813 1259 982 1317 grauis,
1023 1266 1245 1313 maturus,
1284 1259 1387 1317 pius
1423 1267 1470 1305 et
1496 1260 1674 1312 doctus,
1704 1266 1754 1302 vt

128 1337 279 1390 audio,
304 1351 531 1393 quemque
552 1340 789 1393 supremus
818 1335 1040 1393 generalis
1062 1336 1233 1380 ordinis
1259 1336 1482 1380 minorum
1506 1351 1598 1379 non
1619 1336 1754 1379 dubi-

129 1421 194 1458 tat
223 1429 307 1458 suo
333 1415 432 1457 loco
462 1414 518 1457 ad
545 1428 701 1458 omnes
728 1415 812 1457 has
837 1420 988 1470 partes
1017 1427 1121 1458 cum
1148 1413 1281 1470 plena
1304 1419 1527 1470 potestate
1554 1413 1749 1467 mittere,

125 1490 384 1534 huiusmodi
412 1490 594 1545 inquam
621 1490 821 1533 virorum
848 1491 987 1534 verba
1017 1504 1109 1533 non
1145 1504 1305 1546 parum
1342 1490 1624 1534 estimantur.
1661 1491 1753 1535 Sed

127 1568 346 1611 condoleo
367 1574 413 1612 et
435 1566 498 1610 illi
519 1573 564 1611 et
586 1566 668 1610 toti
690 1566 850 1619 ordini,
876 1581 970 1610 non
991 1567 1132 1611 semel
1154 1566 1272 1611 enim
1294 1573 1507 1623 expertus
1528 1581 1628 1610 sum
1651 1567 1753 1623 plu-

128 1659 199 1688 res
221 1644 318 1700 pios
340 1651 386 1687 et
406 1643 609 1700 insignes
630 1643 752 1686 viros
775 1643 914 1687 fuisse
937 1644 1149 1696 offensos,
1166 1643 1373 1687 videntes
1386 1643 1645 1687 huiusmodi
1665 1658 1751 1687 no-

129 1721 287 1765 tabiles
315 1721 535 1773 defectus,
571 1735 629 1764 ne
656 1719 801 1764 dicam
829 1720 1046 1764 inuidiam
1075 1720 1153 1777 (ita
1180 1720 1300 1764 enim
1327 1720 1412 1777 ipsi
1438 1720 1676 1777 judicant),
1707 1719 1754 1763 in

203 1860 213 1879 ¹
263 1857 564 1904 Transumptum
582 1856 735 1903 Ignatio
758 1855 935 1903 missum,
952 1855 1056 1903 quod
1073 1856 1172 1892 ibid.
1197 1856 1237 1892 in
1255 1856 1393 1892 eodem
1410 1855 1502 1891 folio
1519 1856 1754 1900 continetur,

130 1921 191 1952 est
207 1916 440 1963 hujusmodi:

200 1975 324 2011 «Rde.
353 1975 522 2011 domine.
550 1974 680 2010 Pridie
703 1975 807 2010 illius
832 1974 924 2017 diei,
944 1986 1020 2021 quo
1038 1974 1087 2010 ad
1117 1986 1188 2011 nos
1211 1980 1407 2022 postremo
1431 1986 1612 2021 veneras,
1642 1974 1754 2010 triste

127 2034 372 2071 audieramus
392 2034 583 2071 nuntium:
604 2034 785 2070 nimirum
803 2033 907 2081 quod
923 2033 1045 2069 Rdus.
1064 2034 1181 2069 Pater
1198 2039 1332 2070 noster
1348 2033 1638 2069 commissarius
1656 2034 1753 2070 inhi-

126 2094 278 2130 buisset
293 2094 421 2141 nobis,
439 2105 489 2129 ne
506 2105 595 2129 cum
612 2105 806 2141 quoquam
825 2092 1032 2129 Societatis
1047 2094 1143 2139 Jesu
1157 2094 1478 2140 colloqueremur,
1493 2098 1649 2140 propter
1662 2105 1755 2141 que-

126 2153 215 2189 dam
232 2165 307 2200 que
324 2154 446 2188 Rome
463 2142 726 2199 contigerunt,
746 2152 914 2200 ipsomet
932 2152 1079 2188 ibidem
1097 2157 1297 2199 presente.
1321 2153 1422 2188 Puto
1440 2151 1505 2188 illa
1522 2153 1569 2187 R.
1590 2153 1638 2188 V.
1659 2153 1754 2189 satis

129 2224 217 2248 esse
234 2211 408 2258 cognita.

197 2270 294 2307 Rda.
314 2276 436 2306 mater
453 2275 584 2306 nostra
599 2270 797 2306 abbatissa
814 2281 863 2306 ex
880 2269 1008 2305 animo
1026 2281 1069 2305 se
1086 2270 1332 2307 commendat
1348 2271 1396 2306 T.
1415 2272 1479 2316 R„
1498 2283 1542 2307 ac
1566 2271 1754 2306 maximas

128 2331 210 2377 agit
224 2330 371 2376 gratias
388 2329 437 2365 de
453 2330 632 2365 omnibus
650 2329 763 2365 bonis
777 2329 1111 2365 exhortationibus
1125 2334 1165 2364 et
1178 2329 1513 2375 instructionibus,
1528 2342 1623 2378 quas
1642 2330 1755 2366 nobis

127 2391 265 2426 crebro
278 2388 420 2432 fecisti,
439 2394 479 2424 et
495 2388 587 2424 licet
603 2389 677 2424 hoc
690 2388 744 2424 ita
757 2388 982 2435 contigerit,
997 2399 1134 2435 precor
1146 2389 1193 2424 R.
1210 2389 1276 2435 V.,
1294 2401 1344 2425 ne
1357 2389 1464 2436 pium
1478 2389 1663 2436 animum,
1678 2401 1755 2436 quo

130 2453 365 2485 conuentum
382 2453 556 2483 nostrum
573 2447 753 2495 persequi
770 2449 885 2494 solet,
911 2448 1105 2494 immutet,
1130 2459 1218 2483 nam
1242 2448 1408 2484 charitas
1432 2449 1680 2496 amicitiaque
1706 2461 1755 2484 ex

102 2550 106 2554 ¹
129 2513 239 2555 parte
261 2512 393 2543 nostra
414 2518 657 2554 nequaquam
680 2506 944 2552 imminuetur,
969 2506 1047 2542 imo
1071 2507 1277 2552 augebitur
1302 2506 1447 2554 potius.
1478 2507 1612 2543 Saluta
1642 2507 1755 2543 nobis

130 2566 292 2602 dilectos
309 2566 422 2601 nobis
439 2565 480 2601 in
503 2565 668 2601 Domino
691 2565 905 2601 confratres
932 2570 1032 2609 tuos,
1051 2570 1093 2600 et
1114 2565 1195 2601 suis
1214 2566 1396 2613 precibus
1419 2577 1490 2602 nos
1513 2566 1754 2602 commenda:

129 2636 200 2661 nos
229 2636 383 2672 quoque
413 2636 546 2660 eorum
575 2636 653 2660 non
680 2624 905 2660 desinemus
934 2635 1022 2660 esse
1055 2635 1260 2661 memores.
1289 2626 1490 2661 Hactenus
1520 2625 1607 2661 illa»
1618 2646 1671 2661 .—
1682 2625 1756 2662 Cui

129 2683 332 2738 subjungit
349 2683 648 2719 Adriaenssens:

200 2743 448 2789 «Personam,
466 2755 542 2790 que
558 2744 632 2779 hoc
649 2742 820 2790 scripsit,
839 2747 879 2778 et
896 2743 1023 2778 locum
1041 2742 1108 2778 vbi
1125 2743 1198 2779 hec
1212 2744 1461 2790 contigerunt
1474 2755 1551 2779 non
1566 2743 1755 2790 exprimo,

127 2813 177 2838 ne
196 2801 294 2837 forte
311 2806 462 2837 secrete
479 2802 553 2837 hec
567 2801 659 2836 mihi
677 2800 984 2847 significauerint
997 2802 1222 2849 nollentque
1240 2802 1436 2838 incurrere
1450 2802 1756 2848 indignationem

127 2872 284 2897 suorum
301 2860 556 2907 superiorum:
577 2871 650 2896 nec
666 2865 760 2907 puto
778 2871 865 2896 esse
883 2871 1046 2895 neeesse
1064 2861 1156 2896 talia
1173 2861 1405 2908 exprimere;
1426 2862 1569 2897 sufficit
1582 2872 1645 2897 res
1659 2861 1756 2908 ipsa;

130 2925 170 2955 et
188 2919 221 2955 si
239 2931 335 2966 opus
353 2918 419 2966 sit,
437 2919 566 2954 omnia
583 2923 623 2955 et
636 2919 746 2966 plura
764 2917 982 2965 exprimere
1000 2924 1156 2965 paratus
1170 2931 1270 2955 sum.
1290 2921 1371 2956 Iste
1388 2920 1510 2956 Rdus.
1526 2921 1642 2955 Pater
1655 2930 1757 2956 com-

131 2978 329 3014 missarius
346 2980 405 3022 (vt
421 2977 552 3022 audio)
568 2982 630 3013 est
645 2978 831 3025 hispanus
849 2977 1022 3024 natione,
1036 2982 1076 3013 et
1089 2984 1250 3015 vocatur
1268 2979 1510 3015 Franciscus:
1530 2979 1757 3026 diligentius

131 3037 366 3084 inquirerem
383 3047 524 3072 nomen
541 3042 581 3072 et
597 3048 830 3083 cognomen,
848 3036 919 3072 sed
936 3036 1030 3072 satis
1048 3041 1142 3084 puto
1159 3038 1338 3075 omnibus
1355 3044 1470 3075 notus
1488 3043 1586 3074 est.»

309 3101 501 3130 Emsrorm
519 3100 665 3136 Μαι-ΑΕ,
685 3108 763 3131 τοι.
787 3109 838 3130 xv.
1543 3102 1580 3130 43
