2054 3496
302 240 348 277 83
795 242 1035 278 EPISTOLAE
1061 239 1348 288 Mutus—775

255 342 387 396 uirlo,
411 344 496 387 che
516 341 563 385 ni
585 342 858 387 retirassimo
875 343 920 386 di
941 343 985 387 la
1005 357 1087 401 per
1114 344 1155 388 16
1182 343 1390 388 influenti
1419 341 1664 386 turbationi
1692 344 1776 388 che
1796 342 1886 386 im-

253 419 498 476 pediscono
519 419 565 462 di
586 434 692 475 qua,
717 422 915 464 anchora
936 422 1020 465 che
1042 421 1182 464 molto
1216 423 1315 464 sera
1337 421 1451 464 duro
1479 419 1553 463 alli
1575 419 1730 465 deuoti
1752 419 1883 464 amici

254 497 330 540 nel
362 496 552 554 Signor,
594 504 639 542 et
677 504 839 553 questo
870 511 958 541 con
989 498 1033 541 13
1064 498 1269 541 modesta
1298 505 1344 541 et
1375 504 1593 541 consueta
1623 497 1698 541 nel
1728 503 1885 540 nostro

253 573 368 617 Rdo.
396 574 544 618 Padre
565 574 847 627 remissione,
873 574 998 618 accio
1019 574 1095 617 noi
1123 575 1218 631 (pro
1236 573 1423 630 uiribus)
1445 561 1652 618 debiamo
1667 573 1885 630 adimpire

253 650 297 693 la
317 664 400 694 sua
421 649 469 693 in
495 650 693 694 Domino
722 650 1014 706 resolutione,
1040 649 1358 694 confidandoni
1391 651 1475 693 che
1501 650 1544 693 la
1571 664 1654 694 sua
1682 649 1887 695 mirabile

253 726 493 783 prudentia
514 727 734 771 sodisfara
754 734 800 770 et
820 726 1079 783 acquietara
1099 727 1130 769 l'
1153 726 1410 782 impetuoso
1427 726 1650 771 desiderio
1666 729 1750 771 che
1767 729 1886 771 hano

253 803 295 847 le
317 803 449 847 amici
470 804 589 847 della
610 803 955 848 conuersatione
977 802 1083 846 delli
1105 802 1267 846 suiecti
1288 803 1406 847 della
1427 803 1726 860 Compagnia,
1750 802 1885 848 etiam

253 894 345 923 non
366 880 690 936 prouedendoli
712 881 754 924 al
775 887 1000 937 presente,
1026 895 1050 922 a
1072 879 1147 923 cui
1168 879 1303 922 etiam
1321 878 1576 924 santissime
1592 879 1784 926 orationi
1799 893 1886 924 con

254 957 402 1012 quelle
423 958 542 1001 della
564 959 617 1001 R.
645 959 702 1001 V.
729 964 775 1000 et
802 958 858 1000 de
888 956 994 1001 tutti
1021 957 1139 1000 della
1167 955 1453 1013 Compagnia
1482 955 1804 1012 specialmente
1825 956 1887 1000 mi

254 1035 547 1087 racomando,
579 1049 708 1079 come
736 1033 809 1077 chi
836 1034 862 1077 6
890 1033 936 1076 in
970 1032 1139 1090 special
1172 1032 1412 1077 necessita.
1445 1033 1577 1077 Della
1606 1032 1760 1076 Bastia
1788 1043 1813 1087 7
1841 1033 1888 1076 di

254 1112 408 1155 Marzo
434 1121 560 1166 1554.
586 1112 643 1154 D.
671 1111 728 1154 V.
755 1112 809 1153 R.
837 1109 1020 1153 minimo
1037 1116 1083 1153 et
1098 1109 1300 1167 indegno
1320 1123 1454 1154 seruo
1476 1108 1523 1152 in
1544 1108 1647 1163 X.⁰,

1503 1192 1533 1251 †

1396 1252 1647 1296 EMANUEL.

344 1343 604 1398 Inscriptio:
639 1342 700 1385 Al
737 1341 827 1385 mio
862 1342 1154 1385 molto-Rdo.
1191 1340 1237 1383 in
1273 1341 1456 1385 Christo
1474 1342 1635 1394 Padre,
1673 1341 1704 1384 il
1737 1310 1885 1387 Padre

252 1425 420 1462 mastro
438 1420 636 1475 Laynez,
655 1418 901 1476 prouintial
922 1416 1054 1478 [dela]
1072 1417 1356 1475 Compagnia
1372 1419 1551 1476 deJesu
1567 1418 1614 1462 in
1630 1417 1772 1472 Italia,
1793 1425 1881 1464 etc.

252 1496 296 1539 A
317 1496 493 1541 Genoa.

1020 1723 1131 1765 225

747 1824 1081 1871 TARQUINIUS
1113 1826 1393 1862 RAYNALDI

623 1914 811 1957 PATRI
844 1915 1108 1960 IGNATIO
1141 1917 1223 1959 DE
1256 1917 1519 1961 LOYOLA

802 2028 919 2056 ROMA
948 2019 990 2056 13
1017 2021 1165 2057 MART'JJ
1194 2029 1285 2067 1554
1309 2025 1335 2058 ¹.

252 2102 391 2138 Narrat
408 2101 655 2148 Tarquinius,
671 2101 838 2148 jubente
857 2103 1024 2150 Ignatio,
1045 2104 1355 2150 oppugnationes
1370 2116 1415 2140 ac
1430 2105 1644 2152 molestias,
1662 2117 1758 2153 quas
1772 2118 1794 2141 a
1807 2107 1888 2142 suis

322 2160 564 2208 parentibus,
590 2166 633 2197 ut
657 2173 679 2196 a
701 2161 901 2208 proposito
923 2163 1202 2209 perseverandi
1226 2164 1266 2199 in
1291 2163 1489 2200 Societate
1515 2176 1605 2201 eum
1628 2165 1887 2211 dimoverent,

321 2222 467 2256 Romae
498 2232 636 2267 passus
662 2222 994 2268 est.—Ignatium
1019 2227 1131 2268 rogat
1156 2227 1199 2258 ut
1224 2224 1341 2269 longe
1367 2224 1417 2259 ab
1447 2235 1582 2260 eorum
1611 2224 1888 2272 conspectibus

322 2280 450 2327 ipsum
469 2279 833 2316 mittem-Mittitur
850 2280 890 2316 in
909 2281 1155 2328 Hispaniam.

1011 2364 1137 2458 stis.
1271 2463 1273 2465 .

343 2495 486 2538 Molto
515 2495 627 2539 Rdo.
663 2494 710 2537 in
741 2494 923 2538 Christo
947 2496 1099 2539 Patre.
1135 2497 1200 2540 La
1222 2496 1369 2562 gratia
1400 2503 1447 2540 et
1477 2511 1588 2553 pace
1619 2497 1676 2542 de
1708 2496 1890 2541 Christo

253 2577 408 2614 nostro
431 2570 615 2628 signore
637 2570 703 2615 sia
725 2585 903 2628 sempre
924 2572 1041 2615 nelle
1063 2572 1212 2615 anime
1235 2579 1402 2618 nostre.
1429 2574 1641 2617 Ammen.
1663 2573 1890 2618 Hauendo

327 2691 337 2711 ¹
388 2690 446 2724 Ex
464 2688 661 2735 originali?
678 2690 718 2725 in
737 2690 817 2725 vol.
843 2690 894 2736 D,
919 2689 1063 2737 duplici
1082 2689 1189 2738 folin,
1214 2703 1253 2726 n.
1282 2691 1364 2727 186.
1396 2690 1522 2726 Adest
1543 2690 1649 2727 aliud
1668 2693 1891 2738 exemplum

254 2746 294 2782 in
311 2747 450 2783 eodem
468 2750 546 2784 vol.
567 2750 618 2794 D,
637 2747 783 2796 duplici
801 2748 896 2783 item
914 2748 1020 2794 folio,
1047 2761 1090 2784 n.
1118 2749 1198 2795 185,
1218 2749 1355 2786 eadem
1374 2761 1491 2785 manu
1507 2750 1709 2797 scriptum.
1735 2750 1891 2798 Incipit,

253 2807 363 2852 «Jhs.
383 2808 445 2843 Vn
462 2808 600 2854 giorno
615 2810 753 2855 (penso
771 2808 843 2843 che
861 2807 967 2843 fosse
984 2808 1144 2844 innanxi
1162 2810 1197 2844 la
1215 2809 1526 2856 quadragesima)
1547 2822 1595 2844 ..»
1611 2809 1780 2845 Desinit:
1797 2810 1891 2845 «che

252 2877 323 2911 per
340 2865 473 2902 niente
492 2878 569 2903 non
588 2869 729 2903 uoleua
746 2868 818 2903 che
837 2866 874 2902 io
894 2866 1067 2914 partissi.
1079 2880 1097 2901 »
1116 2868 1210 2903 Post
1232 2869 1328 2904 haec
1346 2868 1420 2904 alia
1438 2879 1590 2914 manus,
1616 2868 1744 2905 minus
1765 2868 1889 2913 firma,

252 2924 423 2972 scripsit:
446 2926 529 2961 «De
548 2927 601 2962 V.
624 2927 727 2963 R.tia
745 2926 892 2972 figliolo
910 2926 1095 2972 indegno,
1843 2925 1847 2930 '

720 2986 784 3022 Io.
810 2985 1054 3028 'l'ARQUINlo
1072 2986 1308 3031 RAYNALm,
1326 2986 1429 3022 della
1445 2986 1687 3034 Compagnia
1699 2986 1752 3022 *de
1770 2987 1884 3033 Jesi'i.

326 3041 437 3079 Oltra
454 3043 503 3079 de
521 3043 581 3079 cio
606 3057 667 3100 me
692 3043 853 3080 recordo
884 3044 956 3079 che
979 3045 1001 3080 6
1033 3050 1178 3081 uenuta
1196 3047 1232 3082 la
1263 3045 1339 3081 mia
1362 3056 1559 3081 nonna...»
1579 3045 1727 3082 Ultima
1751 3047 1889 3093 verba,
