2014 3476
811 269 857 307 19
878 261 982 304 MAJt
1009 267 1101 306 1554
1653 272 1720 310 179

115 361 316 406 cautele.
352 362 423 406 Ne
453 375 502 406 se
529 361 768 419 marauigli
790 363 849 406 V.
876 363 930 406 P.
954 376 1050 406 000
1076 377 1127 407 30
1149 361 1216 406 313
1237 369 1462 420 espettata
1482 371 1689 422 resposta
1710 365 1768 409 de

114 438 229 494 ·quel
249 440 286 482 s'
311 453 389 483 era
409 438 583 493 scritto,
608 429 775 496 perche
796 453 846 484 se
863 439 1086 483 dubitaua
1107 440 1154 483 d'
1173 440 1336 484 alcuna
1355 439 1581 484 uariation
1598 440 1647 484 in
1663 441 1770 498 quel

116 515 287 572 gentil'
309 517 462 570 homo,
485 522 531 561 et
552 516 599 559 in
621 515 727 560 tutti
749 515 887 573 quelli
907 516 1000 560 duo
1020 516 1191 571 luochi,
1218 517 1340 574 quali
1362 519 1399 560 s’
1425 531 1535 561 eran
1558 517 1707 562 scritti
1726 517 1768 569 ei

117 606 236 637 -eran
256 599 362 637 nate
383 593 546 638 310000
566 592 849 648 difficultate,
875 593 1010 650 quale
1032 593 1191 638 auanti
1215 608 1264 638 se
1289 594 1446 639 sussen
1469 595 1669 639 resolute
1689 596 1769 639 ha-

125 668 223 712 rian
250 669 418 726 passati
439 669 590 714 alcuni
612 668 740 723 mesi,
770 676 817 714 et
837 669 885 714 in
905 676 1069 726 questo
1092 685 1220 715 mezo
1242 673 1279 714 s'
1305 670 1431 714 haria
1453 677 1642 728 possuto
1662 686 1770 728 per-

118 747 234 790 dere
251 754 412 803 questa
432 761 553 798 casa,
579 748 745 804 perche
769 746 815 791 ui
836 761 946 791 eran
967 747 1069 791 altri
1092 748 1385 805 compratori‚
1410 748 1533 804 quali
1556 763 1639 792 son
1661 748 1769 793 stati

118 837 266 867 ¹causa
286 824 388 868 dele
409 823 649 868 uariationi
668 823 716 867 in
739 825 845 881 quel
866 823 1080 878 caualier3
1106 839 1180 868 ma
1201 825 1244 868 13
1264 824 1422 869 diuina
1443 827 1620 870 Maesta
1636 826 1666 878 l'
1684 827 1768 870 ha-

129 914 219 944 uea·
246 907 477 945 reseruata
505 915 586 957 per
616 908 778 957 questa
808 908 967 945 sancta
994 916 1147 958 opera,
1178 902 1298 947 onde
1328 901 1436 945 tutti
1465 917 1524 947 ne
1551 917 1634 947 son
1662 902 1769 956 stati

130 977 331 1021 frustrati
353 978 411 1022 de
437 978 534 1021 loro
555 978 750 1035 disegni3
776 985 823 1023 et
854 993 987 1035 spero
1019 981 1104 1022 che
1127 978 1191 1022 iui
1222 994 1273 1024 se
1303 979 1397 1024 fara
1424 979 1534 1023 deli
1562 979 1641 1037 010
1662 979 1770 1034 belli

119 1054 307 1112 ·collegij
331 1054 398 1098 sia
419 1054 465 1098 in
488 1062 607 1098 tutta
633 1056 677 1099 la
698 1055 997 1113 Compagnia.
1034 1057 1111 1100 Ma
1132 1055 1262 1100 30010
1290 1057 1333 1100 13
1363 1071 1470 1101 0033
1500 1056 1769 1114 principiata

129 1134 166 1175 s'
191 1133 378 1176 effettue
399 1133 661 1185 realmente,
687 1132 728 1176 ci
749 1134 776 1176 0
797 1132 854 1176 (10
876 1132 1072 1190 bisogno
1094 1133 1138 1176 la
1165 1133 1393 1190 presentia
1414 1134 1488 1178 del
1511 1135 1565 1177 P.
1591 1134 1769 1179 831100-

127 1223 230 1261 ron,
254 1223 391 1252 senza
412 1210 454 1253 el
470 1209 603 1265 quale
625 1210 764 1253 molto
780 1223 852 1253 me
869 1209 1028 1253 dubito
1046 1224 1095 1253 se
1112 1210 1401 1255 resoluerebe
1422 1209 1470 1253 in
1493 1211 1635 1264 fumo,
1660 1224 1768 1268 per-

120 1287 214 1330 che
235 1287 273 1329 si
299 1286 331 1328 li
358 1299 475 1340 4000
503 1297 545 1332 Δ
574 1285 663 1329 deli
691 1286 843 1339 uacui,
868 1301 999 1330 come
1026 1286 1059 1329 li
1088 1299 1204 1330 2000
1234 1286 1387 1330 ducati
1408 1287 1510 1331 dela
1531 1288 1695 1342 banca,
1721 1294 1770 1332 et

129 1363 161 1406 li
183 1375 237 1418 72
261 1363 490 1417 d'intrata,
521 1370 568 1408 et
594 1363 626 1406 li
647 1364 734 1406 600
755 1362 910 1407 ducati
939 1363 1080 1406 annui
1109 1363 1168 1408 de
1197 1378 1280 1406 sua
1301 1366 1477 1408 Maesta
1498 1364 1769 1421 dependeno

119 1441 202 1484 -dal
223 1441 380 1484 fauore
401 1447 446 1484 et
480 1440 604 1484 aiuto
625 1441 699 1484 del
720 1442 844 1484 R.1110
867 1442 1071 1484 Pacecco
1103 1441 1135 1494 ¹,
1161 1441 1203 1485 el
1232 1441 1365 1496 quale
1387 1456 1477 1484 non
1508 1441 1554 1484 ui
1577 1442 1602 1484 0
1624 1441 1769 1485 01000

130 1517 161 1560 11
183 1517 297 1562 faeci
319 1518 386 1562 far
406 1532 513 1561 cosa
533 1507 696 1561 alcuna
718 1517 838 1561 circa
858 1517 902 1562 le
922 1517 1106 1561 sudette
1127 1531 1250 1570 cose,
1272 1525 1448 1562 eccetto
1464 1532 1547 1561 sua
1563 1518 1702 1562 R,tia;
1722 1524 1770 1562 et

118 1595 263 1638 credo
285 1594 323 1638 si
345 1595 469 1638 fusse
490 1601 610 1638 stato
631 1604 859 1651 presente,
884 1596 921 1637 s'
946 1593 1072 1638 haria
1093 1593 1172 1651 010
1195 1601 1482 1651 uergognato
1505 1594 1552 1638 in
1574 1609 1667 1638 non
1688 1595 1770 1639 dar

120 1671 329 1715 ‚1¹<0fficio
350 1671 426 1729 gia
447 1685 698 1728 promesso;
723 1685 798 1715 ma
819 1671 861 1715 el
883 1678 1002 1716 tutte
1023 1685 1108 1714 con
1131 1671 1173 1715 el
1195 1671 1342 1716 celere
1369 1686 1455 1715 suo
1477 1671 1650 1716 ritorno
1671 1685 1769 1716 me—

201 1823 212 1843 ¹
262 1821 402 1856 Petrus
426 1820 618 1864 Pacheco,
642 1818 849 1855 cardinalis
875 1824 916 1855 et
939 1818 1213 1866 neapolitanus
1238 1830 1399 1866 prorex,
1423 1819 1536 1866 cujus
1553 1830 1576 1855 a
1600 1820 1770 1856 Polanco

118 1892 245 1928 saepe
263 1880 366 1916 facta
382 1879 529 1916 mentio
548 1884 622 1915 est.
648 1879 725 1915 Hic
743 1890 836 1915 vero
860 1889 989 1914 sermo
1012 1877 1058 1913 fit
1081 1877 1130 1913 de
1153 1877 1388 1925 quibusdam
1413 1890 1435 1914 a
1454 1879 1594 1915 Carolo
1613 1879 1663 1926 V,
1684 1890 1771 1915 cae-

127 1952 228 1985 sare,
248 1939 490 1976 aedificando
508 1938 717 1974 Societatis
734 1937 903 1984 collegio
920 1937 1171 1984 neapolitano
1188 1937 1388 1973 concessis
1401 1966 1410 1984 ‚
1428 1937 1540 1985 cujus
1560 1938 1617 1974 rei
1641 1943 1771 1975 exstat

122 2011 296 2048 sequens
314 1999 579 2046 apographum
604 1997 645 2034 in
674 1998 753 2034 vol.
780 1998 915 2045 Epist.
944 1997 1215 2042 diversorum,
1242 1997 1356 2033 unico
1374 1996 1486 2042 folio,
1511 2010 1554 2033 n.
1584 1997 1646 2045 83,
1664 1998 1771 2045 prius

118 2059 211 2104 ι265,
230 2058 270 2095 10
287 2059 446 2106 antiquo
466 2057 659 2093 tabulario
677 2057 710 2093 C
728 2066 844 2101 xxm,
862 2065 896 2101 1,
919 2055 1028 2103 prius
1046 2063 1083 2101 5,
1101 2055 1205 2103 quod
1224 2055 1280 2091 sic
1307 2068 1350 2092 se
1366 2057 1499 2092 habet:

937 2139 968 2198 †

199 2225 403 2272 «Capitulo
416 2224 466 2260 de
480 2235 556 2260 una
573 2228 680 2259 carta
695 2222 745 2259 de
764 2222 806 2259 S.
824 2222 903 2269 M.‚
921 2223 1046 2258 hecha
1062 2234 1112 2258 en
1135 2223 1319 2258 Bruselas
1344 2225 1366 2259 3
1390 2223 1469 2260 3013
1486 2223 1570 2260 dias
1595 2223 1658 2261 del
1686 2236 1772 2261 mes

118 2286 177 2322 ’(10
195 2285 307 2321 Abril
330 2292 434 2330 1554,
452 2283 637 2330 recebida
651 2295 672 2318 a
690 2291 791 2318 xxvl
813 2282 877 2318 del
896 2282 1051 2318 mismo.

198 2344 344 2381 Siendo
362 2345 398 2380 la
414 2343 605 2387 doctrina,
626 2341 717 2378 uida
733 2354 760 2390 y
778 2343 959 2389 exemplo
977 2341 1027 2377 de
1052 2342 1111 2377 103
1140 2341 1191 2378 (10
1215 2343 1253 2378 13
1277 2343 1492 2391 Compafiia
1521 2343 1571 2379 de
1597 2344 1770 2390 Jesfis-la

123 2415 203 2452 que
220 2415 291 2440 nos
309 2404 498 2448 escreuis,
513 2402 620 2449 justo
635 2413 678 2437 es
695 2412 772 2448 que
790 2412 885 2437 sean
902 2400 1148 2447 fauorecidos
1165 2412 1192 2448 y
1210 2401 1432 2448 ayudados;
1452 2414 1477 2449 y
1496 2403 1597 2444 ansi.
1615 2401 1770 2450 quando

123 2463 290 2500 huuiere
307 2464 345 2499 la
369 2462 624 2509 (113ρο310100,
643 2466 843 2496 ternemos
870 2460 1057 2496 memoria
1074 2459 1124 2495 de
1150 2461 1187 2496 la
1204 2461 1368 2507 0003160
1394 2473 1470 2508 que
1487 2473 1580 2508 para
1603 2462 1700 2497 ellos
1725 2473 1768 2497 se

121 2523 231 2570 pide:
250 2535 277 2570 y
294 2534 344 2558 en
362 2526 447 2557 este
466 2520 593 2556 medio
610 2530 739 2555 somos
755 2524 942 2555 contento
960 2518 1010 2554 de
1027 2519 1203 2555 hazerles
1219 2519 1346 2565 gratia
1367 2519 1418 2556 de
1436 2525 1544 2556 tanta
1569 2520 1686 2555 tierra
1704 2519 1766 2556 del

68 2597 71 2599 ’
128 2594 252 2619 03000
268 2582 318 2618 (10
335 2583 392 2617 133
411 2581 607 2626 murallas,
626 2591 703 2627 que
721 2579 886 2626 importe
904 2579 941 2613 la
958 2589 1068 2613 suma
1085 2577 1135 2613 de
1152 2583 1289 2625 quatro
1303 2579 1383 2615 mill
1401 2579 1587 2621 escudos,
1607 2590 1677 2626 por
1693 2590 1767 2614 una

122 2653 215 2686 -uez,
233 2652 324 2689 para
341 2651 418 2688 que
433 2651 508 2675 con
525 2639 601 2675 ello
620 2637 775 2686 puedan
791 2636 860 2672 dar
877 2635 1069 2684 principio
1085 2639 1107 2672 3
1125 2648 1172 2672 30
1189 2637 1374 2684 collegio.
1397 2638 1498 2674 Pero
1516 2649 1664 2685 porque
1682 2642 1766 2673 esta

124 2705 238 2747 parte
254 2711 298 2735 se
313 2705 420 2735 tome
438 2710 488 2734 en
513 2699 625 2744 lugat
654 2708 729 2744 que
759 2708 810 2732 no
835 2695 1067 2744 perjudique
1089 2697 1110 2731 3
1136 2696 1173 2731 13
1198 2694 1451 2743 fortificacion
1476 2696 1526 2731 de
1549 2697 1586 2731 la
1611 2695 1764 2742 ciudad,

126 2758 295 2795 hareislo
312 2757 428 2794 mirar
443 2769 470 2804 y
487 2756 672 2802 designat
689 2755 798 2801 bien,
816 2767 843 2802 y
856 2754 906 2791 de
924 2766 1097 2800 manera,
1115 2766 1192 2801 que
1212 2765 1261 2790 no
1279 2767 1321 2791 se
1339 2755 1466 2802 pueda
1485 2754 1617 2800 seguir
1635 2755 1765 2789 incon-

123 2817 329 2863 ueniente,
347 2816 387 2852 ni
404 2827 447 2852 se
465 2817 503 2851 le
520 2821 626 2851 tome
644 2817 726 2850 (033
743 2814 792 2850 (10
810 2815 848 2850 10
872 2825 949 2861 que
973 2818 1147 2849 montare
1169 2814 1205 2849 la
1230 2813 1343 2849 dicha
1361 2825 1491 2859 suma,
1511 2825 1537 2859 y
1555 2813 1763 2848 embiarse-

127 2888 200 2913 nos
217 2888 240 2912 a
256 2877 293 2912 la
310 2878 427 2911 razon
439 2886 466 2921 y
482 2873 655 2910 claridad
671 2872 833 2909 distinta
846 2872 895 2908 de
914 2873 1021 2919 todo,
1038 2883 1130 2919 para
1147 2883 1222 2919 que
1237 2873 1432 2908 conforme
1447 2874 1468 2907 3
1487 2873 1563 2907 0110
1578 2882 1620 2906 30
1636 2871 1763 2918 00οᾱ3

122 2934 291 2984 expedit
308 2936 377 2970 303
394 2934 430 2969 01
448 2932 695 2980 priuilegio.»

131 3028 135 3029 ⁷
201 2994 361 3038 Verum,
381 2996 423 3027 ut
440 3002 491 3026 ex
508 2990 726 3036 POLANCO,
744 2995 774 3025 t.
791 2997 848 3035 lv,
867 3000 960 3036 pag.
988 2988 1069 3035 187,
1088 3001 1127 3025 n.
1147 2987 1216 3034 399
1234 2995 1401 3035 constat,
1428 2988 1584 3024 difficile
1604 2993 1644 3023 et
1672 2999 1760 3024 sero

127 3051 368 3101 neapolitani
384 3049 592 3098 quidquam
612 3059 662 3083 ex
679 3044 755 3084 illis
779 3052 1051 3094 perceperunt.
