2060 3432
338 266 410 313 738
834 266 1071 301 EPISTOLAE
1096 264 1381 311 M1x'rAE-992

293 369 353 414 de
374 367 436 411 mi
463 373 627 412 sefiora
656 367 698 412 el
727 381 849 420 caso,
873 381 904 422 y
931 379 1152 422 encargar
1180 365 1222 410 el
1252 366 1445 423 negocio
1473 373 1643 423 quanto
1665 366 1866 423 pudiere3
1896 383 1929 425 y

294 461 402 503 para
428 459 519 501 que
540 444 682 500 mejor
704 445 748 487 10
770 445 905 500 haga,
937 443 979 486 16
1006 443 1157 486 embio
1179 443 1223 486 13
1244 441 1374 500 6ορ13
1393 443 1451 489 (16
1471 444 1516 487 10
1537 458 1626 500 que
1647 459 1695 488 se
1717 444 1864 490 scribe
1884 445 1927 489 al

292 523 455 575 conde,
487 535 595 578 para
622 535 711 577 que
740 521 972 564 conforme
999 523 1026 563 a
1053 525 1151 564 esto
1177 520 1221 564 16
1248 520 1397 565 hable.
1428 521 1470 563 Y
1498 520 1536 564 51
1564 521 1622 565 V.
1648 536 1707 566 m.
1731 521 1926 577 quisiere
1978 555 1981 559 .

292 599 516 644 abisarme
538 599 595 642 de
616 599 660 641 10
689 612 777 653 que
805 611 854 640 se
881 596 1066 651 hiziere,
1096 595 1325 653 rescibyre
1346 611 1455 654 muy
1474 611 1587 654 gran
1613 599 1811 652 merced,
1835 613 1863 655 y
1886 597 1925 642 si

294 680 375 720 363
397 677 501 733 algo
524 674 719 731 quisiere
742 674 1018 727 mandarme,
1043 673 1227 717 tanbien
1248 673 1292 717 13
1313 673 1554 730 rescibyre.
1580 675 1622 718 Y
1638 689 1810 731 porque
1825 681 1926 719 otro

294 767 355 796 no
377 767 427 797 se
448 753 638 804 ofresce,
664 757 850 794 nuestro
872 751 1019 795 Sefior
1040 751 1214 807 guarde
1236 765 1290 794 su
1313 765 1421 806 muy
1443 751 1557 794 Rda.
1581 764 1775 808 persona
1796 766 1925 796 como

294 831 446 874 desea.
472 831 542 873 De
563 827 800 873 Florencia
823 838 879 882 27
901 827 958 871 de
973 826 1095 885 Julio
1123 837 1250 883 1555.
1276 826 1492 873 Seruidor
1512 828 1570 871 de
1591 829 1649 872 V.
1674 843 1755 882 m.,

1033 906 1252 949 XPOUAL.
1288 919 1351 949 DE
1383 905 1623 950 HERRERA
1658 906 1687 949 ¹.

384 982 507 1039 Digo
529 996 617 1039 que
638 982 721 1025 dos
741 982 878 1026 bezes
900 996 974 1026 me
995 980 1104 1025 dixo
1124 981 1186 1024 mi
1207 988 1384 1026 sefiora:
1416 983 1620 1027 Dexame
1651 989 1772 1027 estar
1798 997 1880 1026 vos
1900 998 1930 1039 y

296 1061 495 1115 Laynez,
521 1073 611 1115 que
632 1073 692 1102 no
710 1057 867 1114 quiero
884 1057 1057 1103 screuir
1072 1062 1170 1101 mas
1186 1064 1333 1102 cartas
1350 1072 1408 1102 en
1431 1058 1559 1102 fauor
1581 1059 1639 1104 (16
1654 1074 1744 1103 vno
1767 1073 1856 1115 que
1872 1061 1932 1104 ha

295 1137 408 1193 sydo
431 1136 697 1180 condenado
720 1135 802 1179 dos
824 1135 959 1180 bezes
981 1150 1063 1192 por
1083 1135 1340 1190 lutherano,
1359 1151 1389 1192 y
1406 1142 1554 1180 tantas
1570 1151 1619 1180 56
1634 1138 1694 1180 ha
1709 1137 1931 1194 escapado

295 1228 384 1258 con
404 1212 586 1258 dineros
617 1213 650 1256 ².
686 1213 756 1256 Yo
788 1212 832 1256 13
862 1213 1141 1269 desengafie,
1167 1212 1432 1256 tornandola
1452 1213 1508 1257 (16
1529 1213 1673 1270 mejor
1695 1214 1876 1270 temple,
1901 1229 1931 1270 y

297 1305 356 1335 en
384 1291 448 1334 fin
475 1290 518 1333 16
546 1292 687 1346 saque
717 1303 856 1333 essas:
889 1303 1062 1346 porque
1089 1303 1179 1333 con
1207 1295 1304 1334 esta
1325 1296 1507 1347 prestez,
1532 1290 1708 1335 allende
1734 1291 1790 1335 de
1812 1298 1932 1335 estar

297 1368 431 1422 mala,
457 1371 554 1412 esta
575 1367 841 1411 intolerable
862 1380 920 1410 en
941 1367 985 1409 13
1006 1366 1338 1410 conversacion.

387 1445 646 1502 Inscripiio:
668 1444 698 1502 †
720 1445 781 1488 Al
803 1459 911 1500 muy
934 1444 1047 1488 Rdo.
1073 1450 1209 1489 senor
1229 1459 1259 1500 y
1282 1445 1428 1488 Padre
1450 1447 1556 1498 mio,
1576 1445 1618 1490 el
1634 1450 1769 1489 sefior
1784 1459 1931 1489 maes-

300 1528 370 1566 tro
391 1523 591 1579 Laynez,
616 1522 672 1566 de
693 1522 737 1566 13
760 1522 1025 1578 Compafiya
1046 1521 1104 1566 de
1119 1523 1247 1579 Jesu‚
1272 1528 1381 1576 etc.,
1406 1536 1462 1566 60
1486 1523 1646 1566 Roma.

1053 1722 1182 1762 992

805 1805 1093 1844 ELEONORA
1122 1806 1192 1841 DE
1216 1805 1430 1844 TOLEDO

921 1883 1076 1919 ducissa
1094 1883 1315 1919 Florentiae

675 1962 862 2006 PATRI
893 1962 1156 2005 IGNATIO
1188 1962 1271 2004 DE
1302 1962 1562 2006 LOYOLA

811 2058 1053 2088 FLORENTIA
1079 2057 1124 2094 27
1149 2058 1250 2093 JULn
1278 2057 1367 2095 1555
1392 2049 1422 2086 ⁸.

745 2126 996 2162 Franciscum
1025 2125 1205 2162 Mudarra
1232 2126 1494 2165 commendat.

1108 2202 1138 2261 †

397 2297 508 2351 Muy
532 2294 647 2338 Rdo.
676 2294 838 2338 Padre.
865 2295 936 2337 Yo
959 2293 1109 2337 scriuo
1131 2293 1172 2336 31
1193 2299 1328 2337 senor
1349 2293 1493 2337 conde
1510 2293 1567 2336 de
1583 2295 1792 2338 Montoro
1813 2293 1830 2315 ⁴
1846 2308 1936 2349 que

304 2388 388 2431 por
409 2371 471 2415 mi
493 2377 698 2428 respecto
719 2385 749 2427 y
771 2370 1066 2415 intercession
1087 2371 1325 2415 fauorezca
1346 2383 1431 2413 con
1452 2385 1507 2414 su
1529 2370 1725 2414 santidat
1745 2374 1771 2413 3
1791 2372 1828 2414 F
1831 2385 1935 2414 ran-

307 2450 430 2494 cisco
453 2449 665 2494 Mudarra
686 2462 795 2504 para
817 2462 906 2503 que
929 2462 979 2492 56
1006 2448 1049 2490 16
1075 2449 1196 2504 haga
1221 2447 1402 2492 merced
1428 2447 1486 2492 de
1513 2447 1798 2503 perdonarle,
1823 2461 1935 2504 pues

380 2547 391 2567 ¹
442 2544 579 2580 Potest
596 2541 714 2578 etiam
733 2542 813 2589 legi
831 2543 1034 2587 Herrero,·
1052 2542 1121 2578 sed
1137 2542 1322 2579 Herrera
1339 2542 1521 2578 scribitur
1544 2554 1565 2578 3
1588 2542 1805 2589 POLANCO,
1830 2547 1856 2578 t.
1878 2551 1934 2588 111,

308 2615 397 2652 pag.
415 2611 479 2650 70,
498 2608 538 2639 et
555 2603 604 2638 ab
622 2601 721 2638 aliis.

379 2666 393 2685 ²
445 2663 581 2698 Sermo
604 2666 665 2697 est
688 2660 737 2697 de
765 2661 972 2697 Francisco
998 2660 1189 2697 Mudarra.
1210 2662 1271 2697 De
1302 2660 1443 2697 litteris
1473 2673 1566 2697 vero
1595 2660 1937 2707 commendatitiis,

305 2734 406 2770 quae
424 2722 735 2769 postulabantur,
755 2721 964 2756 memoriae
983 2720 1183 2756 mandavit
1206 2721 1423 2763 PoLANco‚
1450 2726 1478 2756 t.
1507 2730 1548 2768 v,
1575 2733 1663 2768 pag.
1687 2732 1770 2767 100,
1787 2733 1830 2757 n.
1855 2719 1938 2756 268:

306 2781 499 2818 «Litteras
513 2780 689 2828 [Lainez]
703 2792 725 2816 3
738 2780 906 2816 Ducissa
919 2780 1088 2817 obtinuit
1102 2780 1142 2816 in
1155 2779 1328 2816 favorem
1343 2780 1545 2816 Mudarrae
1563 2782 1695 2829 (quem
1708 2780 1830 2817 fuisse
1849 2779 1941 2816 olim

307 2852 491 2886 magnum
511 2839 719 2876 Societatis
737 2839 1001 2875 adversarium
1019 2838 1267 2886 diximus)...,
1280 2851 1376 2886 quas
1390 2839 1437 2875 P.
1452 2839 1641 2887 Ignatius‚
1656 2847 1700 2876 ut
1713 2841 1857 2876 bonum
1872 2849 1941 2886 pro

308 2901 410 2936 malo
424 2899 620 2944 redderet,
640 2900 941 2946 postulaverat».
962 2900 1076 2935 Illum
1094 2905 1224 2935 autem
1243 2898 1507 2935 adversarium
1525 2898 1733 2936 Societatis
1749 2898 1871 2935 fuisse
1884 2897 1940 2934 di-

311 2964 422 2996 xerat
441 2960 659 3004 POLANco‚
679 2963 707 2995 t,
727 2968 754 3003 1,
774 2970 862 3005 pag.
880 2959 945 3004 67.

380 3020 395 3041 ³
444 3019 503 3054 Ex
522 3017 701 3064 originali
719 3018 759 3053 in
778 3019 854 3053 vol.
875 3018 1005 3065 Epist.
1025 3018 1292 3059 diversorum,
1311 3017 1456 3064 duplici
1473 3017 1581 3065 folio,
1599 3029 1638 3054 n.
1662 3026 1744 3064 104,
1760 3016 1863 3064 prius
1876 3024 1938 3062 72.

381 3079 399 3100 ⁴
446 3077 547 3114 Vide
566 3077 686 3125 epist.
708 3076 960 3124 superiorem.
