<?xml version="1.0" encoding="UTF-8"?>
<!DOCTYPE html PUBLIC "-//W3C//DTD XHTML 1.0 Transitional//EN"
    "http://www.w3.org/TR/xhtml1/DTD/xhtml1-transitional.dtd">
<html xmlns="http://www.w3.org/1999/xhtml" xml:lang="en" lang="en">
 <head>
  <title>
</title>
<meta http-equiv="Content-Type" content="text/html;charset=utf-8" />
  <meta name='ocr-system' content='tesseract 3.04.00' />
  <meta name='ocr-capabilities' content='ocr_page ocr_carea ocr_par ocr_line ocrx_word'/>
</head>
<body>
  <div class='ocr_page' id='page_1' title='image "./epistolaemixtaee04matruoft_0171.png"; bbox 0 0 2014 3476; ppageno 0'>
   <div class='ocr_carea' id='block_1_1' title="bbox 760 238 1707 286">
    <p class='ocr_par' dir='ltr' id='par_1_1' title="bbox 760 238 1707 286">
     <span class='ocr_line' id='line_1_1' title="bbox 760 238 1707 286; baseline 0.001 -11"><span class='ocrx_word' id='word_1_1' title='bbox 760 248 764 249; x_wconf 46' lang='lat'><em>⁷</em></span> <span class='ocrx_word' id='word_1_2' title='bbox 797 238 821 275; x_wconf 92' lang='lat'>3</span> <span class='ocrx_word' id='word_1_3' title='bbox 845 239 948 283; x_wconf 78' lang='lat' dir='ltr'>MAJI</span> <span class='ocrx_word' id='word_1_4' title='bbox 977 246 1070 285; x_wconf 86' lang='lat'>1554</span> <span class='ocrx_word' id='word_1_5' title='bbox 1641 240 1707 286; x_wconf 84' lang='lat'><strong>165</strong></span> 
     </span>
    </p>
   </div>
   <div class='ocr_carea' id='block_1_2' title="bbox 98 332 1761 1097">
    <p class='ocr_par' dir='ltr' id='par_1_2' title="bbox 98 332 1759 477">
     <span class='ocr_line' id='line_1_2' title="bbox 103 332 1759 400; baseline -0.001 -13"><span class='ocrx_word' id='word_1_6' title='bbox 103 352 231 400; x_wconf 80' lang='lat' dir='ltr'><strong>agan</strong></span> <span class='ocrx_word' id='word_1_7' title='bbox 253 343 335 388; x_wconf 89' lang='lat' dir='ltr'><strong>dar</strong></span> <span class='ocrx_word' id='word_1_8' title='bbox 356 343 425 386; x_wconf 88' lang='lat' dir='ltr'><strong>los</strong></span> <span class='ocrx_word' id='word_1_9' title='bbox 445 341 645 396; x_wconf 90' lang='lat' dir='ltr'><strong>dineros,</strong></span> <span class='ocrx_word' id='word_1_10' title='bbox 685 345 714 386; x_wconf 90' lang='grc' dir='ltr'>ὀ</span> <span class='ocrx_word' id='word_1_11' title='bbox 741 357 800 387; x_wconf 99' lang='grc' dir='ltr'><strong>θη</strong></span> <span class='ocrx_word' id='word_1_12' title='bbox 827 344 1100 398; x_wconf 72' lang='lat' dir='ltr'><strong>mercaneia,</strong></span> <span class='ocrx_word' id='word_1_13' title='bbox 1130 355 1305 398; x_wconf 87' lang='lat' dir='ltr'><strong>porque</strong></span> <span class='ocrx_word' id='word_1_14' title='bbox 1333 332 1376 385; x_wconf 80' lang='lat' dir='ltr'><strong>el</strong></span> <span class='ocrx_word' id='word_1_15' title='bbox 1403 341 1472 385; x_wconf 85' lang='lat' dir='ltr'><strong>los</strong></span> <span class='ocrx_word' id='word_1_16' title='bbox 1493 341 1698 397; x_wconf 79' lang='lat' dir='ltr'><strong>volnera,</strong></span> <span class='ocrx_word' id='word_1_17' title='bbox 1723 351 1759 399; x_wconf 68' lang='lat' dir='ltr'><strong>‘y</strong></span> 
     </span>
     <span class='ocr_line' id='line_1_3' title="bbox 98 407 1714 477; baseline -0.001 -14"><span class='ocrx_word' id='word_1_18' title='bbox 98 434 184 465; x_wconf 82' lang='lat' dir='ltr'><strong>me</strong></span> <span class='ocrx_word' id='word_1_19' title='bbox 204 421 317 464; x_wconf 90' lang='lat' dir='ltr'><strong>haze</strong></span> <span class='ocrx_word' id='word_1_20' title='bbox 337 420 491 477; x_wconf 90' lang='lat' dir='ltr'><strong>plazer</strong></span> <span class='ocrx_word' id='word_1_21' title='bbox 514 418 706 476; x_wconf 84' lang='lat' dir='ltr'><strong>grande:</strong></span> <span class='ocrx_word' id='word_1_22' title='bbox 731 433 782 463; x_wconf 88' lang='lat' dir='ltr'><strong>es</strong></span> <span class='ocrx_word' id='word_1_23' title='bbox 803 419 970 463; x_wconf 89' lang='lat' dir='ltr'><strong>casado</strong></span> <span class='ocrx_word' id='word_1_24' title='bbox 990 433 1021 475; x_wconf 91' lang='lat' dir='ltr'><strong>y</strong></span> <span class='ocrx_word' id='word_1_25' title='bbox 1044 418 1165 463; x_wconf 89' lang='lat' dir='ltr'><strong>tiene</strong></span> <span class='ocrx_word' id='word_1_26' title='bbox 1187 418 1322 475; x_wconf 87' lang='lat' dir='ltr'><strong>hijos.</strong></span> <span class='ocrx_word' id='word_1_27' title='bbox 1699 407 1714 423; x_wconf 57' lang='lat'><em>³</em></span> 
     </span>
    </p>

    <p class='ocr_par' dir='ltr' id='par_1_3' title="bbox 109 496 1761 786">
     <span class='ocr_line' id='line_1_4' title="bbox 201 496 1760 554; baseline -0.001 -12"><span class='ocrx_word' id='word_1_28' title='bbox 201 498 275 542; x_wconf 95' lang='lat' dir='ltr'><strong>No</strong></span> <span class='ocrx_word' id='word_1_29' title='bbox 305 501 426 550; x_wconf 65' lang='lat' dir='ltr'><strong>mas,</strong></span> <span class='ocrx_word' id='word_1_30' title='bbox 458 496 558 541; x_wconf 87' lang='lat' dir='ltr'><strong>sino</strong></span> <span class='ocrx_word' id='word_1_31' title='bbox 587 511 676 553; x_wconf 89' lang='lat' dir='ltr'><strong>que</strong></span> <span class='ocrx_word' id='word_1_32' title='bbox 705 511 915 554; x_wconf 87' lang='lat' dir='ltr'><strong>rueguen</strong></span> <span class='ocrx_word' id='word_1_33' title='bbox 938 497 1068 540; x_wconf 90' lang='lat' dir='ltr'><strong>todos</strong></span> <span class='ocrx_word' id='word_1_34' title='bbox 1097 511 1187 552; x_wconf 89' lang='lat' dir='ltr'><strong>que</strong></span> <span class='ocrx_word' id='word_1_35' title='bbox 1214 503 1404 541; x_wconf 90' lang='lat' dir='ltr'><strong>nuestro</strong></span> <span class='ocrx_word' id='word_1_36' title='bbox 1431 497 1579 541; x_wconf 80' lang='lat' dir='ltr'><strong>Sefior</strong></span> <span class='ocrx_word' id='word_1_37' title='bbox 1601 511 1675 540; x_wconf 86' lang='lat' dir='ltr'><strong>me</strong></span> <span class='ocrx_word' id='word_1_38' title='bbox 1703 497 1760 541; x_wconf 78' lang='lat' dir='ltr'><strong>de</strong></span> 
     </span>
     <span class='ocr_line' id='line_1_5' title="bbox 109 573 1761 631; baseline -0.002 -12"><span class='ocrx_word' id='word_1_39' title='bbox 109 573 362 631; x_wconf 77' lang='lat' dir='ltr'><strong>paciencia.</strong></span> <span class='ocrx_word' id='word_1_40' title='bbox 405 573 639 620; x_wconf 80' lang='lat' dir='ltr'><strong>Scriuiran</strong></span> <span class='ocrx_word' id='word_1_41' title='bbox 667 578 694 617; x_wconf 79' lang='lat' dir='ltr'><strong>a</strong></span> <span class='ocrx_word' id='word_1_42' title='bbox 716 589 793 631; x_wconf 87' lang='lat' dir='ltr'><strong>my</strong></span> <span class='ocrx_word' id='word_1_43' title='bbox 814 588 872 618; x_wconf 85' lang='lat' dir='ltr'><strong>en</strong></span> <span class='ocrx_word' id='word_1_44' title='bbox 893 574 1073 619; x_wconf 88' lang='lat' dir='ltr'><strong>Gerbes</strong></span> <span class='ocrx_word' id='word_1_45' title='bbox 1100 589 1131 630; x_wconf 92' lang='lat' dir='ltr'><strong>y</strong></span> <span class='ocrx_word' id='word_1_46' title='bbox 1152 588 1210 617; x_wconf 90' lang='lat' dir='ltr'><strong>en</strong></span> <span class='ocrx_word' id='word_1_47' title='bbox 1237 574 1305 617; x_wconf 92' lang='lat' dir='ltr'><strong>los</strong></span> <span class='ocrx_word' id='word_1_48' title='bbox 1333 580 1457 617; x_wconf 88' lang='lat' dir='ltr'><strong>otros</strong></span> <span class='ocrx_word' id='word_1_49' title='bbox 1484 573 1668 630; x_wconf 87' lang='lat' dir='ltr'><strong>lugares</strong></span> <span class='ocrx_word' id='word_1_50' title='bbox 1689 574 1761 617; x_wconf 79' lang='lat' dir='ltr'><strong>di-</strong></span> 
     </span>
     <span class='ocr_line' id='line_1_6' title="bbox 109 651 1761 708; baseline 0.001 -13"><span class='ocrx_word' id='word_1_51' title='bbox 109 652 247 704; x_wconf 84' lang='lat' dir='ltr'><strong>chos,</strong></span> <span class='ocrx_word' id='word_1_52' title='bbox 289 652 579 697; x_wconf 88' lang='lat' dir='ltr'><strong>endrezando</strong></span> <span class='ocrx_word' id='word_1_53' title='bbox 615 655 641 695; x_wconf 79' lang='lat' dir='ltr'><strong>a</strong></span> <span class='ocrx_word' id='word_1_54' title='bbox 678 651 722 695; x_wconf 90' lang='lat' dir='ltr'><strong>la</strong></span> <span class='ocrx_word' id='word_1_55' title='bbox 754 651 874 695; x_wconf 83' lang='lat' dir='ltr'><strong>fusta</strong></span> <span class='ocrx_word' id='word_1_56' title='bbox 907 651 964 695; x_wconf 90' lang='lat' dir='ltr'><strong>de</strong></span> <span class='ocrx_word' id='word_1_57' title='bbox 998 652 1160 695; x_wconf 91' lang='lat' dir='ltr'><strong>Cucho</strong></span> <span class='ocrx_word' id='word_1_58' title='bbox 1198 651 1302 707; x_wconf 85' lang='lat' dir='ltr'><strong>Oja,</strong></span> <span class='ocrx_word' id='word_1_59' title='bbox 1328 651 1478 694; x_wconf 91' lang='lat' dir='ltr'><strong>donde</strong></span> <span class='ocrx_word' id='word_1_60' title='bbox 1509 657 1653 708; x_wconf 88' lang='lat' dir='ltr'><strong>estoy.</strong></span> <span class='ocrx_word' id='word_1_61' title='bbox 1689 653 1761 696; x_wconf 93' lang='lat' dir='ltr'><strong>De</strong></span> 
     </span>
     <span class='ocr_line' id='line_1_7' title="bbox 109 730 896 786; baseline -0.003 -12"><span class='ocrx_word' id='word_1_62' title='bbox 109 731 268 786; x_wconf 90' lang='lat' dir='ltr'><strong>Mayo,</strong></span> <span class='ocrx_word' id='word_1_63' title='bbox 294 737 382 774; x_wconf 90' lang='lat' dir='ltr'><strong>etc.</strong></span> <span class='ocrx_word' id='word_1_64' title='bbox 410 730 519 772; x_wconf 84' lang='lat' dir='ltr'><strong>Alia</strong></span> <span class='ocrx_word' id='word_1_65' title='bbox 535 743 681 772; x_wconf 82' lang='lat' dir='ltr'><strong>manu</strong></span> <span class='ocrx_word' id='word_1_66' title='bbox 707 738 896 784; x_wconf 87' lang='lat'>«1554».</span> 
     </span>
    </p>

    <p class='ocr_par' dir='ltr' id='par_1_4' title="bbox 201 806 700 863">
     <span class='ocr_line' id='line_1_8' title="bbox 201 806 700 863; baseline -0.002 -12"><span class='ocrx_word' id='word_1_67' title='bbox 201 808 401 851; x_wconf 88' lang='lat' dir='ltr'><strong>Vuestro</strong></span> <span class='ocrx_word' id='word_1_68' title='bbox 422 806 516 863; x_wconf 91' lang='lat' dir='ltr'><strong>hijo</strong></span> <span class='ocrx_word' id='word_1_69' title='bbox 537 822 595 850; x_wconf 90' lang='grc' dir='ltr'><strong>θη</strong></span> <span class='ocrx_word' id='word_1_70' title='bbox 617 808 700 850; x_wconf 87' lang='lat' dir='ltr'><strong>X.⁰</strong></span> 
     </span>
    </p>

    <p class='ocr_par' dir='ltr' id='par_1_5' title="bbox 484 883 1754 942">
     <span class='ocr_line' id='line_1_9' title="bbox 484 883 1754 942; baseline -0.002 -14"><span class='ocrx_word' id='word_1_71' title='bbox 484 886 610 942; x_wconf 87' lang='lat' dir='ltr'>JOAN</span> <span class='ocrx_word' id='word_1_72' title='bbox 628 885 889 938; x_wconf 82' lang='lat' dir='ltr'><strong>GUTTANo,</strong></span> <span class='ocrx_word' id='word_1_73' title='bbox 923 884 982 927; x_wconf 90' lang='lat' dir='ltr'><strong>de</strong></span> <span class='ocrx_word' id='word_1_74' title='bbox 1004 883 1047 927; x_wconf 90' lang='lat' dir='ltr'><strong>la</strong></span> <span class='ocrx_word' id='word_1_75' title='bbox 1070 884 1325 940; x_wconf 80' lang='lat' dir='ltr'><strong>Compafiia</strong></span> <span class='ocrx_word' id='word_1_76' title='bbox 1345 884 1404 929; x_wconf 88' lang='lat' dir='ltr'><strong>de</strong></span> <span class='ocrx_word' id='word_1_77' title='bbox 1420 886 1505 942; x_wconf 90' lang='lat' dir='ltr'><strong>Jhs</strong></span> <span class='ocrx_word' id='word_1_78' title='bbox 1529 899 1558 941; x_wconf 89' lang='lat' dir='ltr'><strong>y</strong></span> <span class='ocrx_word' id='word_1_79' title='bbox 1579 883 1754 927; x_wconf 83' lang='lat' dir='ltr'><strong>sclau&#39;o.</strong></span> 
     </span>
    </p>

    <p class='ocr_par' dir='ltr' id='par_1_6' title="bbox 202 952 1758 1019">
     <span class='ocr_line' id='line_1_10' title="bbox 202 952 1758 1019; baseline 0 -15"><span class='ocrx_word' id='word_1_80' title='bbox 202 961 465 1017; x_wconf 76' lang='lat' dir='ltr'><em>Inscriptio:</em></span> <span class='ocrx_word' id='word_1_81' title='bbox 487 963 587 1019; x_wconf 75' lang='lat' dir='ltr'><strong>jhs.</strong></span> <span class='ocrx_word' id='word_1_82' title='bbox 621 962 666 1005; x_wconf 90' lang='lat' dir='ltr'><strong>A</strong></span> <span class='ocrx_word' id='word_1_83' title='bbox 686 976 764 1017; x_wconf 90' lang='lat' dir='ltr'><strong>my</strong></span> <span class='ocrx_word' id='word_1_84' title='bbox 786 960 1027 1004; x_wconf 84' lang='lat' dir='ltr'>charisimo</span> <span class='ocrx_word' id='word_1_85' title='bbox 1055 976 1112 1005; x_wconf 91' lang='lat' dir='ltr'><strong>en</strong></span> <span class='ocrx_word' id='word_1_86' title='bbox 1141 961 1228 1004; x_wconf 89' lang='lat' dir='ltr'><strong>X.⁰</strong></span> <span class='ocrx_word' id='word_1_87' title='bbox 1266 962 1431 1016; x_wconf 82' lang='lat' dir='ltr'><strong>Padre,</strong></span> <span class='ocrx_word' id='word_1_88' title='bbox 1463 962 1507 1005; x_wconf 90' lang='lat' dir='ltr'><strong>el</strong></span> <span class='ocrx_word' id='word_1_89' title='bbox 1528 959 1639 1005; x_wconf 84' lang='lat' dir='ltr'><strong>R.d0</strong></span> <span class='ocrx_word' id='word_1_90' title='bbox 1667 952 1758 1004; x_wconf 84' lang='lat' dir='ltr'><strong>Pa-</strong></span> 
     </span>
    </p>

    <p class='ocr_par' dir='ltr' id='par_1_7' title="bbox 108 1026 1759 1097">
     <span class='ocr_line' id='line_1_11' title="bbox 108 1026 1759 1097; baseline 0 -16"><span class='ocrx_word' id='word_1_91' title='bbox 108 1039 194 1082; x_wconf 89' lang='lat' dir='ltr'><strong>dre</strong></span> <span class='ocrx_word' id='word_1_92' title='bbox 216 1039 308 1082; x_wconf 91' lang='lat' dir='ltr'><strong>don</strong></span> <span class='ocrx_word' id='word_1_93' title='bbox 333 1039 493 1092; x_wconf 85' lang='lat' dir='ltr'><strong>Paulo,</strong></span> <span class='ocrx_word' id='word_1_94' title='bbox 519 1046 668 1082; x_wconf 89' lang='lat' dir='ltr'><strong>rector</strong></span> <span class='ocrx_word' id='word_1_95' title='bbox 690 1038 764 1082; x_wconf 91' lang='lat' dir='ltr'><strong>del</strong></span> <span class='ocrx_word' id='word_1_96' title='bbox 786 1037 981 1095; x_wconf 85' lang='lat' dir='ltr'><strong>collegio</strong></span> <span class='ocrx_word' id='word_1_97' title='bbox 1001 1038 1058 1082; x_wconf 90' lang='lat' dir='ltr'><strong>de</strong></span> <span class='ocrx_word' id='word_1_98' title='bbox 1075 1039 1119 1082; x_wconf 88' lang='lat' dir='ltr'><strong>la</strong></span> <span class='ocrx_word' id='word_1_99' title='bbox 1135 1039 1388 1095; x_wconf 81' lang='lat' dir='ltr'><strong>Compafiia</strong></span> <span class='ocrx_word' id='word_1_100' title='bbox 1404 1039 1462 1082; x_wconf 91' lang='lat' dir='ltr'><strong>de</strong></span> <span class='ocrx_word' id='word_1_101' title='bbox 1471 1040 1571 1097; x_wconf 90' lang='lat' dir='ltr'><strong>Jhs,</strong></span> <span class='ocrx_word' id='word_1_102' title='bbox 1591 1053 1650 1083; x_wconf 90' lang='grc' dir='ltr'><strong>θη</strong></span> <span class='ocrx_word' id='word_1_103' title='bbox 1667 1026 1734 1081; x_wconf 85' lang='grc' dir='ltr'><strong>Ρ3</strong></span> <span class='ocrx_word' id='word_1_104' title='bbox 1749 1063 1759 1069; x_wconf 93' lang='grc'>-</span> 
     </span>
    </p>
   </div>
   <div class='ocr_carea' id='block_1_3' title="bbox 112 1114 1842 1173">
    <p class='ocr_par' dir='ltr' id='par_1_8' title="bbox 112 1114 1842 1173">
     <span class='ocr_line' id='line_1_12' title="bbox 112 1114 1842 1173; baseline 0 -15"><span class='ocrx_word' id='word_1_105' title='bbox 112 1116 275 1168; x_wconf 87' lang='lat' dir='ltr'><strong>lermo,</strong></span> <span class='ocrx_word' id='word_1_106' title='bbox 300 1120 327 1159; x_wconf 80' lang='lat' dir='ltr'><strong>a</strong></span> <span class='ocrx_word' id='word_1_107' title='bbox 349 1123 479 1160; x_wconf 85' lang='lat' dir='ltr'><strong>santo</strong></span> <span class='ocrx_word' id='word_1_108' title='bbox 503 1115 745 1172; x_wconf 89' lang='lat' dir='ltr'><strong>Phylippo,</strong></span> <span class='ocrx_word' id='word_1_109' title='bbox 771 1119 798 1159; x_wconf 89' lang='grc' dir='ltr'>ό</span> <span class='ocrx_word' id='word_1_110' title='bbox 820 1119 847 1159; x_wconf 78' lang='lat' dir='ltr'><strong>a</strong></span> <span class='ocrx_word' id='word_1_111' title='bbox 868 1122 968 1159; x_wconf 88' lang='lat' dir='ltr'><strong>otro</strong></span> <span class='ocrx_word' id='word_1_112' title='bbox 992 1115 1140 1160; x_wconf 88' lang='lat' dir='ltr'><strong>Padre</strong></span> <span class='ocrx_word' id='word_1_113' title='bbox 1155 1131 1212 1160; x_wconf 92' lang='grc' dir='ltr'><strong>θη</strong></span> <span class='ocrx_word' id='word_1_114' title='bbox 1234 1116 1277 1160; x_wconf 95' lang='grc' dir='ltr'><strong>θ1</strong></span> <span class='ocrx_word' id='word_1_115' title='bbox 1297 1115 1432 1160; x_wconf 89' lang='lat' dir='ltr'><strong>dicho</strong></span> <span class='ocrx_word' id='word_1_116' title='bbox 1458 1116 1582 1173; x_wconf 85' lang='lat' dir='ltr'><strong>logo,</strong></span> <span class='ocrx_word' id='word_1_117' title='bbox 1611 1114 1650 1159; x_wconf 88' lang='lat' dir='ltr'><strong>si</strong></span> <span class='ocrx_word' id='word_1_118' title='bbox 1672 1115 1759 1159; x_wconf 78' lang='lat' dir='ltr'><strong>alla</strong></span> <span class='ocrx_word' id='word_1_119' title='bbox 1838 1126 1842 1130; x_wconf 87' lang='grc'><strong>’</strong></span> 
     </span>
    </p>
   </div>
   <div class='ocr_carea' id='block_1_4' title="bbox 114 1193 622 1237">
    <p class='ocr_par' dir='ltr' id='par_1_9' title="bbox 114 1193 622 1237">
     <span class='ocr_line' id='line_1_13' title="bbox 114 1193 622 1237; baseline 0.002 -2"><span class='ocrx_word' id='word_1_120' title='bbox 114 1207 176 1236; x_wconf 88' lang='lat' dir='ltr'><strong>no</strong></span> <span class='ocrx_word' id='word_1_121' title='bbox 190 1197 283 1237; x_wconf 75' lang='lat' dir='ltr'><strong>sta.</strong></span> <span class='ocrx_word' id='word_1_122' title='bbox 313 1194 383 1236; x_wconf 93' lang='lat' dir='ltr'><strong>En</strong></span> <span class='ocrx_word' id='word_1_123' title='bbox 400 1193 622 1237; x_wconf 87' lang='lat' dir='ltr'><strong>Palermo.</strong></span> 
     </span>
    </p>
   </div>
   <div class='ocr_carea' id='block_1_5' title="bbox 875 1428 998 1470">
    <p class='ocr_par' dir='ltr' id='par_1_10' title="bbox 875 1428 998 1470">
     <span class='ocr_line' id='line_1_14' title="bbox 875 1428 998 1470; baseline 0.008 -1"><span class='ocrx_word' id='word_1_124' title='bbox 875 1428 998 1470; x_wconf 65' lang='lat' dir='ltr'><strong>81)AE</strong></span> 
     </span>
    </p>
   </div>
   <div class='ocr_carea' id='block_1_6' title="bbox 410 1530 1452 1660">
    <p class='ocr_par' dir='ltr' id='par_1_11' title="bbox 410 1530 1452 1660">
     <span class='ocr_line' id='line_1_15' title="bbox 604 1530 1262 1569; baseline 0 -2"><span class='ocrx_word' id='word_1_125' title='bbox 604 1530 936 1569; x_wconf 88' lang='lat' dir='ltr'>RESPUBLICA</span> <span class='ocrx_word' id='word_1_126' title='bbox 961 1531 1262 1568; x_wconf 90' lang='lat' dir='ltr'>GENUENSIS</span> 
     </span>
     <span class='ocr_line' id='line_1_16' title="bbox 410 1616 1452 1660; baseline -0.001 0"><span class='ocrx_word' id='word_1_127' title='bbox 410 1617 623 1660; x_wconf 91' lang='lat' dir='ltr'><strong>PATRI</strong></span> <span class='ocrx_word' id='word_1_128' title='bbox 671 1616 975 1660; x_wconf 89' lang='lat' dir='ltr'><strong>IGNATIO</strong></span> <span class='ocrx_word' id='word_1_129' title='bbox 1023 1616 1112 1659; x_wconf 93' lang='lat' dir='ltr'><strong>DE</strong></span> <span class='ocrx_word' id='word_1_130' title='bbox 1159 1616 1452 1660; x_wconf 90' lang='lat' dir='ltr'><strong>LOYOLA</strong></span> 
     </span>
    </p>
   </div>
   <div class='ocr_carea' id='block_1_7' title="bbox 683 1709 1185 1756">
    <p class='ocr_par' dir='ltr' id='par_1_12' title="bbox 683 1709 1185 1756">
     <span class='ocr_line' id='line_1_17' title="bbox 683 1709 1185 1756; baseline -0.002 -9"><span class='ocrx_word' id='word_1_131' title='bbox 683 1719 830 1747; x_wconf 84' lang='lat' dir='ltr'>GENUA</span> <span class='ocrx_word' id='word_1_132' title='bbox 859 1709 882 1746; x_wconf 90' lang='lat'><strong>3</strong></span> <span class='ocrx_word' id='word_1_133' title='bbox 911 1719 1005 1754; x_wconf 77' lang='lat' dir='ltr'>MAJI</span> <span class='ocrx_word' id='word_1_134' title='bbox 1038 1718 1129 1756; x_wconf 86' lang='lat'>1554</span> <span class='ocrx_word' id='word_1_135' title='bbox 1157 1711 1185 1746; x_wconf 86' lang='lat'><strong>⁵.</strong></span> 
     </span>
    </p>
   </div>
   <div class='ocr_carea' id='block_1_8' title="bbox 111 1792 1759 2011">
    <p class='ocr_par' dir='ltr' id='par_1_13' title="bbox 111 1792 1759 2011">
     <span class='ocr_line' id='line_1_18' title="bbox 111 1792 1758 1843; baseline -0.001 -12"><span class='ocrx_word' id='word_1_136' title='bbox 111 1795 230 1843; x_wconf 77' lang='lat' dir='ltr'><strong>Quod</strong></span> <span class='ocrx_word' id='word_1_137' title='bbox 253 1794 431 1841; x_wconf 87' lang='lat' dir='ltr'><strong>Ignatius</strong></span> <span class='ocrx_word' id='word_1_138' title='bbox 454 1794 504 1830; x_wconf 90' lang='lat' dir='ltr'><strong>ad</strong></span> <span class='ocrx_word' id='word_1_139' title='bbox 526 1800 757 1830; x_wconf 85' lang='lat' dir='ltr'><strong>autumnum</strong></span> <span class='ocrx_word' id='word_1_140' title='bbox 778 1793 978 1830; x_wconf 87' lang='lat' dir='ltr'><strong>censuerit</strong></span> <span class='ocrx_word' id='word_1_141' title='bbox 995 1794 1228 1842; x_wconf 87' lang='lat' dir='ltr'><strong>principium</strong></span> <span class='ocrx_word' id='word_1_142' title='bbox 1251 1793 1408 1841; x_wconf 90' lang='lat' dir='ltr'><strong>collegii</strong></span> <span class='ocrx_word' id='word_1_143' title='bbox 1430 1793 1646 1840; x_wconf 87' lang='lat' dir='ltr'><strong>genuensis</strong></span> <span class='ocrx_word' id='word_1_144' title='bbox 1669 1792 1758 1840; x_wconf 89' lang='lat' dir='ltr'><strong>reji-</strong></span> 
     </span>
     <span class='ocr_line' id='line_1_19' title="bbox 183 1853 1759 1902; baseline -0.001 -12"><span class='ocrx_word' id='word_1_145' title='bbox 183 1854 382 1901; x_wconf 84' lang='lat' dir='ltr'><strong>ciendum,</strong></span> <span class='ocrx_word' id='word_1_146' title='bbox 399 1854 440 1890; x_wconf 90' lang='lat' dir='ltr'><strong>id</strong></span> <span class='ocrx_word' id='word_1_147' title='bbox 457 1853 615 1902; x_wconf 89' lang='lat' dir='ltr'><strong>quidem</strong></span> <span class='ocrx_word' id='word_1_148' title='bbox 634 1853 927 1900; x_wconf 87' lang='lat' dir='ltr'><strong>magistratibus</strong></span> <span class='ocrx_word' id='word_1_149' title='bbox 941 1853 1056 1889; x_wconf 90' lang='lat' dir='ltr'><strong>valde</strong></span> <span class='ocrx_word' id='word_1_150' title='bbox 1074 1855 1278 1901; x_wconf 81' lang='lat' dir='ltr'><strong>probatur3</strong></span> <span class='ocrx_word' id='word_1_151' title='bbox 1298 1865 1414 1901; x_wconf 90' lang='lat' dir='ltr'><strong>quam</strong></span> <span class='ocrx_word' id='word_1_152' title='bbox 1432 1855 1483 1890; x_wconf 93' lang='lat' dir='ltr'><strong>ob</strong></span> <span class='ocrx_word' id='word_1_153' title='bbox 1506 1865 1590 1889; x_wconf 90' lang='lat' dir='ltr'><strong>rem</strong></span> <span class='ocrx_word' id='word_1_154' title='bbox 1612 1853 1759 1900; x_wconf 85' lang='lat' dir='ltr'><strong>gratias</strong></span> 
     </span>
     <span class='ocr_line' id='line_1_20' title="bbox 185 1912 1759 1960; baseline -0.001 -10"><span class='ocrx_word' id='word_1_155' title='bbox 185 1914 242 1951; x_wconf 84' lang='lat' dir='ltr'><strong>ini</strong></span> <span class='ocrx_word' id='word_1_156' title='bbox 257 1915 416 1950; x_wconf 87' lang='lat' dir='ltr'><strong>habent:</strong></span> <span class='ocrx_word' id='word_1_157' title='bbox 437 1922 548 1950; x_wconf 91' lang='lat' dir='ltr'><strong>orant</strong></span> <span class='ocrx_word' id='word_1_158' title='bbox 566 1919 712 1960; x_wconf 89' lang='lat' dir='ltr'><strong>tamen,</strong></span> <span class='ocrx_word' id='word_1_159' title='bbox 730 1925 781 1949; x_wconf 90' lang='lat' dir='ltr'><strong>ne</strong></span> <span class='ocrx_word' id='word_1_160' title='bbox 798 1913 939 1950; x_wconf 88' lang='lat' dir='ltr'><strong>Genua</strong></span> <span class='ocrx_word' id='word_1_161' title='bbox 956 1914 1001 1949; x_wconf 87' lang='lat' dir='ltr'><strong>P.</strong></span> <span class='ocrx_word' id='word_1_162' title='bbox 1016 1914 1162 1950; x_wconf 89' lang='lat' dir='ltr'><strong>Lainez</strong></span> <span class='ocrx_word' id='word_1_163' title='bbox 1173 1914 1332 1959; x_wconf 83' lang='lat' dir='ltr'><strong>recedat</strong></span> <span class='ocrx_word' id='word_1_164' title='bbox 1343 1942 1352 1960; x_wconf 88' lang='lat'>‚</span> <span class='ocrx_word' id='word_1_165' title='bbox 1367 1913 1494 1949; x_wconf 92' lang='lat' dir='ltr'><strong>donec</strong></span> <span class='ocrx_word' id='word_1_166' title='bbox 1509 1912 1759 1960; x_wconf 88' lang='lat' dir='ltr'><strong>gymnasium</strong></span> 
     </span>
     <span class='ocr_line' id='line_1_21' title="bbox 186 1974 427 2011; baseline 0.004 -1"><span class='ocrx_word' id='word_1_167' title='bbox 186 1974 427 2011; x_wconf 87' lang='lat' dir='ltr'><strong>instituatur.</strong></span> 
     </span>
    </p>
   </div>
   <div class='ocr_carea' id='block_1_9' title="bbox 66 2061 1761 2813">
    <p class='ocr_par' dir='ltr' id='par_1_14' title="bbox 66 2061 1761 2813">
     <span class='ocr_line' id='line_1_22' title="bbox 202 2061 1760 2119; baseline -0.001 -11"><span class='ocrx_word' id='word_1_168' title='bbox 202 2065 346 2109; x_wconf 91' lang='lat' dir='ltr'><strong>Molto</strong></span> <span class='ocrx_word' id='word_1_169' title='bbox 374 2063 484 2108; x_wconf 84' lang='lat' dir='ltr'><strong>R.d0</strong></span> <span class='ocrx_word' id='word_1_170' title='bbox 523 2066 661 2108; x_wconf 87' lang='lat' dir='ltr'><strong>Patre</strong></span> <span class='ocrx_word' id='word_1_171' title='bbox 688 2063 735 2107; x_wconf 90' lang='lat' dir='ltr'><strong>in</strong></span> <span class='ocrx_word' id='word_1_172' title='bbox 763 2063 949 2107; x_wconf 88' lang='lat' dir='ltr'><strong>Christo</strong></span> <span class='ocrx_word' id='word_1_173' title='bbox 985 2063 1406 2107; x_wconf 87' lang='lat' dir='ltr'><strong>osservandissimo.</strong></span> <span class='ocrx_word' id='word_1_174' title='bbox 1440 2062 1610 2107; x_wconf 78' lang='lat' dir='ltr'><strong>Poiche</strong></span> <span class='ocrx_word' id='word_1_175' title='bbox 1632 2061 1760 2119; x_wconf 91' lang='lat' dir='ltr'><strong>piace</strong></span> 
     </span>
     <span class='ocr_line' id='line_1_23' title="bbox 111 2138 1761 2197; baseline -0.002 -11"><span class='ocrx_word' id='word_1_176' title='bbox 111 2157 141 2186; x_wconf 89' lang='lat' dir='ltr'><strong>a</strong></span> <span class='ocrx_word' id='word_1_177' title='bbox 160 2140 250 2186; x_wconf 91' lang='lat' dir='ltr'><strong>Dio</strong></span> <span class='ocrx_word' id='word_1_178' title='bbox 271 2143 357 2185; x_wconf 90' lang='lat' dir='ltr'><strong>che</strong></span> <span class='ocrx_word' id='word_1_179' title='bbox 384 2141 512 2185; x_wconf 91' lang='lat' dir='ltr'><strong>siano</strong></span> <span class='ocrx_word' id='word_1_180' title='bbox 534 2140 709 2184; x_wconf 88' lang='lat' dir='ltr'><strong>occorsi</strong></span> <span class='ocrx_word' id='word_1_181' title='bbox 737 2140 1050 2197; x_wconf 87' lang='lat' dir='ltr'><strong>impedimenti</strong></span> <span class='ocrx_word' id='word_1_182' title='bbox 1077 2156 1104 2184; x_wconf 90' lang='lat' dir='ltr'><strong>a</strong></span> <span class='ocrx_word' id='word_1_183' title='bbox 1132 2142 1280 2196; x_wconf 89' lang='lat' dir='ltr'><strong>quest’</strong></span> <span class='ocrx_word' id='word_1_184' title='bbox 1306 2155 1444 2197; x_wconf 89' lang='lat' dir='ltr'><strong>opera</strong></span> <span class='ocrx_word' id='word_1_185' title='bbox 1471 2140 1546 2184; x_wconf 90' lang='lat' dir='ltr'><strong>del</strong></span> <span class='ocrx_word' id='word_1_186' title='bbox 1566 2138 1761 2196; x_wconf 84' lang='lat' dir='ltr'><strong>collegio</strong></span> 
     </span>
     <span class='ocr_line' id='line_1_24' title="bbox 115 2217 1761 2275; baseline -0.001 -13"><span class='ocrx_word' id='word_1_187' title='bbox 115 2219 175 2264; x_wconf 90' lang='lat' dir='ltr'><strong>de</strong></span> <span class='ocrx_word' id='word_1_188' title='bbox 200 2218 343 2262; x_wconf 85' lang='lat' dir='ltr'><strong>vostri</strong></span> <span class='ocrx_word' id='word_1_189' title='bbox 374 2218 598 2263; x_wconf 87' lang='lat' dir='ltr'><strong>sacerdoti</strong></span> <span class='ocrx_word' id='word_1_190' title='bbox 625 2233 651 2262; x_wconf 90' lang='lat' dir='ltr'><strong>e</strong></span> <span class='ocrx_word' id='word_1_191' title='bbox 680 2217 899 2275; x_wconf 86' lang='lat' dir='ltr'><strong>relligiosi</strong></span> <span class='ocrx_word' id='word_1_192' title='bbox 920 2217 1164 2262; x_wconf 87' lang='lat' dir='ltr'><strong>desiderati</strong></span> <span class='ocrx_word' id='word_1_193' title='bbox 1194 2217 1239 2260; x_wconf 90' lang='lat' dir='ltr'><strong>in</strong></span> <span class='ocrx_word' id='word_1_194' title='bbox 1270 2224 1431 2273; x_wconf 90' lang='lat' dir='ltr'><strong>questa</strong></span> <span class='ocrx_word' id='word_1_195' title='bbox 1458 2217 1583 2270; x_wconf 81' lang='lat' dir='ltr'><strong>citta,</strong></span> <span class='ocrx_word' id='word_1_196' title='bbox 1610 2223 1655 2261; x_wconf 90' lang='lat' dir='ltr'><strong>et</strong></span> <span class='ocrx_word' id='word_1_197' title='bbox 1676 2217 1761 2260; x_wconf 88' lang='lat' dir='ltr'><strong>che</strong></span> 
     </span>
     <span class='ocr_line' id='line_1_25' title="bbox 114 2293 1761 2351; baseline -0.002 -12"><span class='ocrx_word' id='word_1_198' title='bbox 114 2296 325 2340; x_wconf 91' lang='lat' dir='ltr'><strong>venendo</strong></span> <span class='ocrx_word' id='word_1_199' title='bbox 347 2295 393 2338; x_wconf 94' lang='lat' dir='ltr'><strong>in</strong></span> <span class='ocrx_word' id='word_1_200' title='bbox 417 2295 565 2351; x_wconf 86' lang='lat' dir='ltr'><strong>questi</strong></span> <span class='ocrx_word' id='word_1_201' title='bbox 589 2302 657 2340; x_wconf 89' lang='lat' dir='ltr'><strong>tre</strong></span> <span class='ocrx_word' id='word_1_202' title='bbox 678 2294 792 2340; x_wconf 90' lang='lat' dir='ltr'><strong>mesi</strong></span> <span class='ocrx_word' id='word_1_203' title='bbox 813 2294 1021 2351; x_wconf 88' lang='lat' dir='ltr'><strong>prossimi</strong></span> <span class='ocrx_word' id='word_1_204' title='bbox 1049 2294 1256 2351; x_wconf 89' lang='lat' dir='ltr'><strong>potriano</strong></span> <span class='ocrx_word' id='word_1_205' title='bbox 1277 2295 1352 2338; x_wconf 89' lang='lat' dir='ltr'><strong>nel</strong></span> <span class='ocrx_word' id='word_1_206' title='bbox 1375 2294 1561 2351; x_wconf 83' lang='lat' dir='ltr'><strong>viaggio</strong></span> <span class='ocrx_word' id='word_1_207' title='bbox 1583 2300 1629 2339; x_wconf 90' lang='lat' dir='ltr'><strong>et</strong></span> <span class='ocrx_word' id='word_1_208' title='bbox 1650 2293 1697 2335; x_wconf 90' lang='lat' dir='ltr'><strong>in</strong></span> <span class='ocrx_word' id='word_1_209' title='bbox 1718 2293 1761 2336; x_wconf 90' lang='lat' dir='ltr'><strong>la</strong></span> 
     </span>
     <span class='ocr_line' id='line_1_26' title="bbox 117 2369 1758 2428; baseline -0.002 -13"><span class='ocrx_word' id='word_1_210' title='bbox 117 2372 378 2416; x_wconf 87' lang='lat' dir='ltr'><strong>mutacione</strong></span> <span class='ocrx_word' id='word_1_211' title='bbox 395 2373 452 2415; x_wconf 90' lang='lat' dir='ltr'><strong>de</strong></span> <span class='ocrx_word' id='word_1_212' title='bbox 469 2373 499 2414; x_wconf 79' lang='lat'><strong>1¹</strong></span> <span class='ocrx_word' id='word_1_213' title='bbox 518 2386 622 2416; x_wconf 86' lang='lat' dir='ltr'><strong>aere</strong></span> <span class='ocrx_word' id='word_1_214' title='bbox 643 2371 804 2428; x_wconf 86' lang='lat' dir='ltr'><strong>patire,</strong></span> <span class='ocrx_word' id='word_1_215' title='bbox 823 2371 1051 2415; x_wconf 87' lang='lat' dir='ltr'><strong>laudiamo</strong></span> <span class='ocrx_word' id='word_1_216' title='bbox 1068 2372 1110 2416; x_wconf 92' lang='lat' dir='ltr'><strong>el</strong></span> <span class='ocrx_word' id='word_1_217' title='bbox 1131 2386 1290 2428; x_wconf 88' lang='lat' dir='ltr'><strong>parere</strong></span> <span class='ocrx_word' id='word_1_218' title='bbox 1311 2371 1357 2414; x_wconf 92' lang='lat' dir='ltr'><strong>di</strong></span> <span class='ocrx_word' id='word_1_219' title='bbox 1372 2372 1431 2415; x_wconf 93' lang='lat' dir='ltr'><strong>V.</strong></span> <span class='ocrx_word' id='word_1_220' title='bbox 1452 2373 1527 2423; x_wconf 90' lang='lat' dir='ltr'><strong>R.‚</strong></span> <span class='ocrx_word' id='word_1_221' title='bbox 1548 2371 1605 2413; x_wconf 93' lang='lat' dir='ltr'><strong>de</strong></span> <span class='ocrx_word' id='word_1_222' title='bbox 1626 2369 1758 2413; x_wconf 83' lang='lat' dir='ltr'><strong>diffe-</strong></span> 
     </span>
     <span class='ocr_line' id='line_1_27' title="bbox 118 2445 1757 2505; baseline -0.002 -13"><span class='ocrx_word' id='word_1_223' title='bbox 118 2449 223 2503; x_wconf 90' lang='lat' dir='ltr'><strong>rire,</strong></span> <span class='ocrx_word' id='word_1_224' title='bbox 248 2456 295 2493; x_wconf 89' lang='lat' dir='ltr'><strong>et</strong></span> <span class='ocrx_word' id='word_1_225' title='bbox 316 2451 402 2494; x_wconf 88' lang='lat' dir='ltr'><strong>che</strong></span> <span class='ocrx_word' id='word_1_226' title='bbox 422 2464 471 2493; x_wconf 87' lang='lat' dir='ltr'><strong>se</strong></span> <span class='ocrx_word' id='word_1_227' title='bbox 489 2448 840 2494; x_wconf 87' lang='lat' dir='ltr'><strong>transferiscano</strong></span> <span class='ocrx_word' id='word_1_228' title='bbox 861 2457 1043 2505; x_wconf 87' lang='lat' dir='ltr'><strong>passato</strong></span> <span class='ocrx_word' id='word_1_229' title='bbox 1065 2448 1096 2491; x_wconf 93' lang='lat' dir='ltr'><strong>li</strong></span> <span class='ocrx_word' id='word_1_230' title='bbox 1117 2448 1234 2492; x_wconf 89' lang='lat' dir='ltr'><strong>caldi</strong></span> <span class='ocrx_word' id='word_1_231' title='bbox 1251 2449 1284 2491; x_wconf 83' lang='lat'><strong>².</strong></span> <span class='ocrx_word' id='word_1_232' title='bbox 1310 2447 1691 2505; x_wconf 85' lang='lat' dir='ltr'><strong>Ringraciandola</strong></span> <span class='ocrx_word' id='word_1_233' title='bbox 1711 2445 1757 2488; x_wconf 89' lang='lat' dir='ltr'><strong>in</strong></span> 
     </span>
     <span class='ocr_line' id='line_1_28' title="bbox 119 2522 1758 2583; baseline -0.002 -14"><span class='ocrx_word' id='word_1_234' title='bbox 119 2540 253 2570; x_wconf 88' lang='lat' dir='ltr'><strong>nome</strong></span> <span class='ocrx_word' id='word_1_235' title='bbox 274 2526 393 2571; x_wconf 87' lang='lat' dir='ltr'><strong>della</strong></span> <span class='ocrx_word' id='word_1_236' title='bbox 407 2525 608 2583; x_wconf 85' lang='lat' dir='ltr'><strong>signoria</strong></span> <span class='ocrx_word' id='word_1_237' title='bbox 624 2527 749 2569; x_wconf 87' lang='lat' dir='ltr'><strong>llma.</strong></span> <span class='ocrx_word' id='word_1_238' title='bbox 770 2526 842 2570; x_wconf 87' lang='lat' dir='ltr'><strong>del</strong></span> <span class='ocrx_word' id='word_1_239' title='bbox 865 2526 973 2568; x_wconf 91' lang='lat' dir='ltr'><strong>bon’</strong></span> <span class='ocrx_word' id='word_1_240' title='bbox 998 2525 1149 2568; x_wconf 90' lang='lat' dir='ltr'><strong>animo</strong></span> <span class='ocrx_word' id='word_1_241' title='bbox 1170 2526 1315 2570; x_wconf 88' lang='lat' dir='ltr'><strong>chela</strong></span> <span class='ocrx_word' id='word_1_242' title='bbox 1336 2524 1458 2569; x_wconf 84' lang='lat' dir='ltr'><strong>tiene</strong></span> <span class='ocrx_word' id='word_1_243' title='bbox 1480 2525 1537 2569; x_wconf 91' lang='lat' dir='ltr'><strong>de</strong></span> <span class='ocrx_word' id='word_1_244' title='bbox 1558 2522 1758 2580; x_wconf 89' lang='lat' dir='ltr'><strong>compia—</strong></span> 
     </span>
     <span class='ocr_line' id='line_1_29' title="bbox 119 2599 1758 2659; baseline -0.002 -13"><span class='ocrx_word' id='word_1_245' title='bbox 119 2603 236 2647; x_wconf 88' lang='lat' dir='ltr'><strong>cersi</strong></span> <span class='ocrx_word' id='word_1_246' title='bbox 256 2603 304 2646; x_wconf 91' lang='lat' dir='ltr'><strong>in</strong></span> <span class='ocrx_word' id='word_1_247' title='bbox 326 2610 490 2658; x_wconf 90' lang='lat' dir='ltr'><strong>questo</strong></span> <span class='ocrx_word' id='word_1_248' title='bbox 517 2602 757 2656; x_wconf 84' lang='lat' dir='ltr'><strong>desiderio,</strong></span> <span class='ocrx_word' id='word_1_249' title='bbox 792 2603 926 2659; x_wconf 88' lang='lat' dir='ltr'><strong>quale</strong></span> <span class='ocrx_word' id='word_1_250' title='bbox 946 2604 972 2646; x_wconf 78' lang='grc' dir='ltr'>θ</span> <span class='ocrx_word' id='word_1_251' title='bbox 993 2609 1256 2647; x_wconf 86' lang='lat' dir='ltr'><strong>veramente</strong></span> <span class='ocrx_word' id='word_1_252' title='bbox 1278 2601 1407 2658; x_wconf 85' lang='lat' dir='ltr'><strong>quasi</strong></span> <span class='ocrx_word' id='word_1_253' title='bbox 1435 2601 1692 2644; x_wconf 87' lang='lat' dir='ltr'><strong>vniuersale</strong></span> <span class='ocrx_word' id='word_1_254' title='bbox 1712 2599 1758 2642; x_wconf 92' lang='lat' dir='ltr'><strong>in</strong></span> 
     </span>
     <span class='ocr_line' id='line_1_30' title="bbox 118 2677 1758 2736; baseline -0.002 -14"><span class='ocrx_word' id='word_1_255' title='bbox 118 2686 280 2735; x_wconf 89' lang='lat' dir='ltr'><strong>questa</strong></span> <span class='ocrx_word' id='word_1_256' title='bbox 300 2680 410 2724; x_wconf 80' lang='lat' dir='ltr'><strong>citta</strong></span> <span class='ocrx_word' id='word_1_257' title='bbox 431 2694 519 2724; x_wconf 90' lang='lat' dir='ltr'><strong>con</strong></span> <span class='ocrx_word' id='word_1_258' title='bbox 542 2679 851 2736; x_wconf 87' lang='lat' dir='ltr'><strong>espettacione</strong></span> <span class='ocrx_word' id='word_1_259' title='bbox 872 2681 947 2724; x_wconf 93' lang='lat' dir='ltr'><strong>del</strong></span> <span class='ocrx_word' id='word_1_260' title='bbox 964 2681 1106 2723; x_wconf 86' lang='lat' dir='ltr'><strong>frutto</strong></span> <span class='ocrx_word' id='word_1_261' title='bbox 1128 2678 1356 2724; x_wconf 89' lang='lat' dir='ltr'><strong>mediante</strong></span> <span class='ocrx_word' id='word_1_262' title='bbox 1372 2680 1416 2722; x_wconf 91' lang='lat' dir='ltr'><strong>la</strong></span> <span class='ocrx_word' id='word_1_263' title='bbox 1437 2678 1584 2736; x_wconf 87' lang='lat' dir='ltr'><strong>gratia</strong></span> <span class='ocrx_word' id='word_1_264' title='bbox 1605 2677 1649 2720; x_wconf 91' lang='lat' dir='ltr'><strong>di</strong></span> <span class='ocrx_word' id='word_1_265' title='bbox 1671 2677 1758 2720; x_wconf 93' lang='lat' dir='ltr'><strong>Dio</strong></span> 
     </span>
     <span class='ocr_line' id='line_1_31' title="bbox 66 2753 1760 2813; baseline -0.002 -14"><span class='ocrx_word' id='word_1_266' title='bbox 66 2803 69 2805; x_wconf 61' lang='grc'><strong>,</strong></span> <span class='ocrx_word' id='word_1_267' title='bbox 115 2769 144 2799; x_wconf 85' lang='grc' dir='ltr'>θ</span> <span class='ocrx_word' id='word_1_268' title='bbox 163 2755 206 2799; x_wconf 87' lang='grc' dir='ltr'><strong>1θ</strong></span> <span class='ocrx_word' id='word_1_269' title='bbox 222 2755 465 2813; x_wconf 88' lang='lat' dir='ltr'><strong>preghiere</strong></span> <span class='ocrx_word' id='word_1_270' title='bbox 481 2757 539 2799; x_wconf 93' lang='lat' dir='ltr'><strong>de</strong></span> <span class='ocrx_word' id='word_1_271' title='bbox 556 2758 614 2800; x_wconf 92' lang='lat' dir='ltr'><strong>V.</strong></span> <span class='ocrx_word' id='word_1_272' title='bbox 636 2758 691 2800; x_wconf 91' lang='lat' dir='ltr'><strong>R.</strong></span> <span class='ocrx_word' id='word_1_273' title='bbox 718 2772 744 2801; x_wconf 89' lang='lat' dir='ltr'><strong>e</strong></span> <span class='ocrx_word' id='word_1_274' title='bbox 764 2757 871 2800; x_wconf 89' lang='lat' dir='ltr'><strong>delli</strong></span> <span class='ocrx_word' id='word_1_275' title='bbox 887 2757 1003 2810; x_wconf 90' lang='lat' dir='ltr'><strong>suoi,</strong></span> <span class='ocrx_word' id='word_1_276' title='bbox 1024 2757 1142 2802; x_wconf 89' lang='lat' dir='ltr'><strong>delle</strong></span> <span class='ocrx_word' id='word_1_277' title='bbox 1159 2757 1309 2812; x_wconf 90' lang='lat' dir='ltr'><strong>quale,</strong></span> <span class='ocrx_word' id='word_1_278' title='bbox 1330 2757 1368 2800; x_wconf 87' lang='lat' dir='ltr'><strong>si</strong></span> <span class='ocrx_word' id='word_1_279' title='bbox 1384 2770 1513 2799; x_wconf 88' lang='lat' dir='ltr'><strong>come</strong></span> <span class='ocrx_word' id='word_1_280' title='bbox 1530 2769 1631 2798; x_wconf 87' lang='lat' dir='ltr'><strong>essa</strong></span> <span class='ocrx_word' id='word_1_281' title='bbox 1652 2753 1760 2797; x_wconf 80' lang='lat' dir='ltr'><strong>citta</strong></span> 
     </span>
    </p>
   </div>
   <div class='ocr_carea' id='block_1_10' title="bbox 119 2861 400 2867">
    <p class='ocr_par' dir='ltr' id='par_1_15' title="bbox 119 2861 400 2867">
     <span class='ocr_line' id='line_1_32' title="bbox 119 2861 400 2867; baseline 0 0"><span class='ocrx_word' id='word_1_282' title='bbox 119 2861 400 2867; x_wconf 95' lang='lat' dir='ltr'><strong> </strong></span> 
     </span>
    </p>
   </div>
   <div class='ocr_carea' id='block_1_11' title="bbox 119 2919 1762 3087">
    <p class='ocr_par' dir='ltr' id='par_1_16' title="bbox 119 2919 1762 3087">
     <span class='ocr_line' id='line_1_33' title="bbox 193 2919 1762 2971; baseline -0.001 -15"><span class='ocrx_word' id='word_1_283' title='bbox 193 2923 203 2943; x_wconf 85' lang='lat'>¹</span> <span class='ocrx_word' id='word_1_284' title='bbox 254 2921 314 2956; x_wconf 88' lang='lat' dir='ltr'><strong>Ex</strong></span> <span class='ocrx_word' id='word_1_285' title='bbox 341 2921 522 2967; x_wconf 84' lang='lat' dir='ltr'><strong>originali</strong></span> <span class='ocrx_word' id='word_1_286' title='bbox 551 2921 591 2957; x_wconf 88' lang='lat' dir='ltr'><strong>in</strong></span> <span class='ocrx_word' id='word_1_287' title='bbox 624 2923 707 2958; x_wconf 91' lang='lat' dir='ltr'><strong>vol.</strong></span> <span class='ocrx_word' id='word_1_288' title='bbox 743 2923 874 2970; x_wconf 79' lang='lat' dir='ltr'><strong>Epist.</strong></span> <span class='ocrx_word' id='word_1_289' title='bbox 909 2922 1275 2971; x_wconf 80' lang='lat' dir='ltr'><strong>Communitatum,</strong></span> <span class='ocrx_word' id='word_1_290' title='bbox 1305 2922 1451 2970; x_wconf 92' lang='lat' dir='ltr'><strong>duplici</strong></span> <span class='ocrx_word' id='word_1_291' title='bbox 1480 2921 1587 2967; x_wconf 86' lang='lat' dir='ltr'><strong>folio,</strong></span> <span class='ocrx_word' id='word_1_292' title='bbox 1606 2932 1644 2955; x_wconf 94' lang='grc' dir='ltr'><strong>η.</strong></span> <span class='ocrx_word' id='word_1_293' title='bbox 1679 2919 1762 2966; x_wconf 82' lang='lat'>164,</span> 
     </span>
     <span class='ocr_line' id='line_1_34' title="bbox 119 2979 332 3028; baseline -0.005 -12"><span class='ocrx_word' id='word_1_294' title='bbox 119 2979 227 3028; x_wconf 87' lang='lat' dir='ltr'><strong>prius</strong></span> <span class='ocrx_word' id='word_1_295' title='bbox 249 2979 332 3025; x_wconf 86' lang='lat'>134.</span> 
     </span>
     <span class='ocr_line' id='line_1_35' title="bbox 192 3039 1026 3087; baseline 0.001 -11"><span class='ocrx_word' id='word_1_296' title='bbox 192 3042 208 3062; x_wconf 81' lang='lat'><strong>¹</strong></span> <span class='ocrx_word' id='word_1_297' title='bbox 258 3039 359 3076; x_wconf 91' lang='lat' dir='ltr'><strong>Vide</strong></span> <span class='ocrx_word' id='word_1_298' title='bbox 378 3039 494 3087; x_wconf 87' lang='lat' dir='ltr'><strong>epist.</strong></span> <span class='ocrx_word' id='word_1_299' title='bbox 514 3047 598 3086; x_wconf 93' lang='lat'>791,</span> <span class='ocrx_word' id='word_1_300' title='bbox 619 3045 660 3076; x_wconf 89' lang='lat' dir='ltr'><strong>et</strong></span> <span class='ocrx_word' id='word_1_301' title='bbox 677 3041 763 3077; x_wconf 90' lang='lat' dir='ltr'><strong>loca</strong></span> <span class='ocrx_word' id='word_1_302' title='bbox 780 3040 835 3076; x_wconf 93' lang='lat' dir='ltr'><strong>ibi</strong></span> <span class='ocrx_word' id='word_1_303' title='bbox 854 3040 1026 3078; x_wconf 88' lang='lat' dir='ltr'><strong>laudata.</strong></span> 
     </span>
    </p>
   </div>
  </div>
 </body>
</html>
