2080 3536
346 280 360 306 1
368 280 389 306 2
960 279 1017 305 AD
1042 277 1268 306 LECTOREM

283 372 369 426 tia,
391 372 582 429 quisque
604 372 829 428 conjicere
850 378 1016 429 potest,
1038 383 1092 415 22
1112 373 1265 424 Mart.,
1292 384 1359 426 13,
1380 383 1452 424 20,
1474 383 1530 425 24
1547 371 1694 427 Sept.,
1721 382 1770 414 12
1792 370 1898 414 Oct.
1915 406 1927 426 ,

299 462 337 504 1,
365 450 390 492 8
412 450 553 502 Nov.,
595 449 651 492 28
689 451 800 493 Dec.
849 459 975 504 1554.
1017 449 1173 504 Atque
1193 449 1307 491 haec
1335 447 1518 503 quidem
1545 449 1632 491 hoc
1659 462 1779 491 anno
1800 453 1932 504 gesta

287 533 414 580 ·sunt;
441 525 606 581 quibus
629 525 798 582 optime
820 524 1029 582 adjungit
1052 524 1331 569 Orlandinus
1358 526 1385 567 ¹.
1416 523 1590 577 «Felix,
1621 523 1659 567 si
1689 523 1824 567 sciret
1846 524 1930 567 do-

295 617 405 646 num
426 602 513 646 Dei
534 602 787 657 aestimare,
812 612 857 646 et
880 603 924 645 in
949 609 1072 647 recte
1094 601 1268 658 coeptis
1288 601 1503 645 adhibere
1520 600 1863 645 constantiaml»

386 681 535 724 Debet
557 680 692 724 etiam
720 687 978 724 nostrorum
1005 680 1226 722 lectorum
1257 678 1550 722 attentionem
1574 692 1737 722 acuere
1765 693 1929 722 monu-

296 764 515 810 mentum,
542 754 663 812 q'uod
684 771 805 799 nunc
821 756 1015 813 primum
1033 755 1316 807 exhibemus,
1336 756 1501 799 Genua
1518 756 1705 821 Romam
1722 754 1925 808 missum,

299 846 355 889 24
382 836 494 890 Apr.
535 844 660 889 1555.
692 834 807 877 Illud
833 835 1033 891 Joannes
1062 835 1161 876 Bta.
1194 832 1326 876 Viola
1354 830 1556 888 pontifici
1587 831 1758 888 optimo
1785 846 1932 888 nuper

299 918 468 964 creato,
495 912 707 955 Marcello
730 913 783 964 ΙΙ,
810 925 898 966 que
922 909 1135 953 cardinali
1166 910 1313 952 fuerat
1341 896 1474 953 Viola
1502 908 1777 952 familiariter
1800 922 1927 962 usus,

292 987 536 1045 inscripsit.
565 989 675 1045 Ejus
698 994 1035 1044 argumentum:
1061 988 1132 1029 De
1149 986 1479 1044 reformatione
1500 985 1738 1038 Ecclesiae,
1756 985 1853 1030 sive
1873 985 1932 1029 de

295 1065 600 1122 exstirpandis
622 1065 743 1108 vitiis
765 1063 1059 1119 serendisque
1079 1062 1339 1106 virtutibus.

385 1143 513 1186 Haec
534 1143 591 1186 de
611 1141 811 1198 epistolis
832 1141 969 1196 hujus
991 1139 1236 1183 voluminis
1258 1140 1449 1184 dicenda
1470 1147 1612 1184 erant:
1637 1139 1739 1193 alia,
1769 1139 1814 1182 in
1837 1138 1928 1183 eis-

295 1219 399 1263 dem
417 1226 645 1273 contenta,
665 1218 859 1275 diligens
874 1218 1016 1261 lector
1030 1231 1110 1274 per
1127 1232 1176 1261 se
1192 1217 1288 1274 ipse
1307 1217 1513 1274 reperiet.
1533 1218 1774 1261 Caeterum
1792 1231 1927 1261 nemo

292 1295 382 1340 erit
403 1303 659 1339 nostrarum
681 1310 831 1340 rerum
854 1302 943 1338 tam
966 1294 1169 1352 ignarus,
1195 1294 1272 1350 qui
1294 1294 1519 1339 existimet
1540 1293 1610 1337 his
1632 1293 1833 1351 epistolis
1851 1300 1926 1337 to-

298 1379 389 1415 tam
412 1372 652 1418 Societatis
674 1371 906 1415 historiam
929 1371 1165 1416 contineri:
1186 1387 1290 1416 nam
1306 1370 1523 1427 imprimis
1539 1385 1622 1414 nos
1639 1385 1730 1414 non
1749 1385 1923 1424 omnes,

297 1465 410 1505 quas
430 1450 707 1506 scripserunt
728 1449 854 1502 socii,
880 1449 1056 1494 edimus
1079 1449 1307 1506 epistolas,
1333 1450 1414 1493 sed
1431 1463 1543 1505 quas
1559 1447 1754 1505 reperire
1775 1447 1927 1504 potui-

295 1542 414 1580 mus;
440 1527 603 1571 deinde
626 1529 727 1580 hae,
754 1542 872 1582 quae
893 1527 1066 1570 Mixtae
1089 1527 1387 1583 appellantur,
1413 1526 1537 1579 alias,
1563 1525 1773 1569 nimirum
1799 1525 1927 1579 Qua-

292 1604 559 1647 drimestres
577 1619 711 1661 saepe
727 1605 970 1661 complent,
990 1603 1184 1659 ideoque
1200 1618 1304 1647 cum
1326 1603 1413 1647 illis
1436 1603 1783 1660 conjungendae
1799 1607 1923 1645 sunt:

292 1688 520 1737 postremo
544 1681 744 1737 utrisque
766 1681 1041 1737 adjiciendas
1062 1695 1161 1724 esse
1182 1695 1315 1725 nemo
1337 1696 1429 1724 non
1450 1680 1575 1725 videt
1597 1694 1710 1737 quas
1725 1678 1810 1723 viri
1830 1677 1926 1735 pri-

292 1757 437 1811 marii,
463 1765 573 1814 puta
595 1758 777 1811 LaineZ,
803 1759 1038 1803 Salmeron
1060 1757 1224 1814 aliique
1245 1758 1426 1802 dedere.
1454 1759 1511 1800 Et
1534 1757 1716 1813 quidem
1736 1753 1923 1800 Xaverii

290 1843 339 1878 ‘et
356 1836 501 1879 Nadal
511 1836 605 1891 jam
623 1835 798 1880 edimus
815 1835 1042 1892 epistolas;
1063 1834 1137 1879 alii
1154 1835 1341 1879 aliorum
1359 1835 1656 1891 collegerunt,
1677 1834 1795 1879 inter
1807 1849 1922 1890 quos

289 1913 392 1968 jure
414 1912 583 1969 optimo
604 1913 769 1969 primas
793 1921 948 1957 tenere
975 1912 1193 1956 dicendus
1223 1919 1292 1956 est
1329 1914 1381 1955 P.
1415 1913 1528 1956 Otto
1560 1911 1918 1969 Braunsberger,

296 1989 373 2044 qui
410 1989 579 2034 Canisii
616 1989 828 2046 epistolas
860 1989 1101 2047 diligenter
1137 1989 1184 2032 in
1219 1990 1367 2033 lucem
1403 1989 1575 2045 profert
1604 1987 1922 2044 sapienterque

295 2066 504 2119 illustrat,
531 2081 719 2122 quarum
756 2067 953 2111 lectione
980 2081 1062 2110 nos
1083 2067 1206 2110 haud
1226 2066 1366 2111 semel
1395 2064 1638 2122 profecisse
1668 2065 1784 2108 ultro
1806 2065 1922 2108 fate-

295 2158 410 2187 mur.
438 2144 532 2200 Qui
561 2159 673 2201 ergo
703 2145 816 2187 haec
845 2151 890 2188 et
920 2143 1080 2188 similia
1115 2149 1408 2187 monumenta
1433 2142 1546 2187 scite
1573 2141 1859 2195 volutaverit,
1883 2140 1923 2185 is

295 2221 497 2277 profecto
532 2236 742 2278 magnam
779 2229 824 2266 et
851 2221 1129 2266 verissimam
1156 2227 1410 2264 nostrarum
1438 2234 1587 2264 rerum
1614 2217 1821 2262 notitiam
1848 2232 1923 2262 as-

294 2305 524 2353 sequetur.

382 2375 739 2431 Descriptionem
763 2375 986 2429 codicum,
1012 2389 1064 2419 ac
1080 2375 1312 2427 librorum,
1331 2373 1495 2430 quibus
1512 2373 1582 2416 usi
1602 2387 1775 2425 sumus,
1795 2379 1922 2416 cata·

294 2451 450 2508 logum
472 2453 529 2495 ad
550 2453 719 2496 calcem
740 2452 986 2495 voluminis
1003 2458 1107 2508 post
1124 2451 1335 2508 epistolas
1352 2449 1677 2495 exhibebimus.

367 2620 377 2639 ¹
427 2618 534 2653 Hist.
555 2618 752 2664 Soases„
772 2618 840 2654 lib.
859 2627 943 2662 xlv,
967 2630 1004 2653 n.
1025 2617 1088 2653 26.
