2054 3496
778 284 819 322 15
845 277 1077 313 FEBRUARJI
1107 283 1121 310 1
1127 283 1147 319 5
1151 282 1198 320 54
1710 275 1759 312 63

166 393 226 423 ne
251 379 299 422 in
320 385 495 421 tantum
524 380 674 423 Deum
705 378 938 422 offendant
970 383 1191 433 quantum
1224 377 1341 421 bene
1370 383 1606 438 cuperent,
1645 384 1692 420 et
1723 393 1805 434 pro

170 470 327 500 eorum
355 455 568 512 peccatis,
603 454 770 512 quibus
790 456 877 498 hoc
909 460 1112 511 tempore
1142 455 1294 497 Deum
1325 453 1569 509 aliquando
1601 454 1805 511 grauiter

170 533 473 577 offenderunt:
499 531 586 576 alia
606 531 884 589 poenitentie
905 546 1042 588 opera
1056 530 1296 588 prohibere
1311 530 1565 575 debuimus.
1594 530 1739 574 Etiam
1757 531 1804 575 in

170 609 402 653 charitatis
424 607 635 666 operibus
665 616 848 653 strenue
873 623 973 654 sese
999 614 1318 662 exercuerunt,
1350 609 1500 652 dando
1532 608 1804 653 elemosinas

170 692 217 731 et
237 685 465 730 visitando
485 701 707 743 pauperes
728 686 946 738 infirmos.
972 687 1100 730 Haec
1122 686 1180 730 de
1202 685 1367 728 nostris
1388 684 1566 728 vicinis.

258 764 386 808 Haec
408 770 532 816 sunt,
559 764 671 807 Rde.
700 766 851 818 Pater,
876 777 965 819 que
986 762 1225 807 scribenda
1242 769 1536 807 occurrerunt
1556 764 1608 806 P.
1630 764 1705 816 V.‚
1727 762 1801 806 cui

167 854 254 884 nos
289 840 421 884 vnice
452 841 838 895 commendamus,
877 846 924 883 et
959 840 1161 884 omnium
1195 840 1385 883 fratrum
1417 839 1645 896 precibus,
1685 854 1804 896 quos

166 917 392 962 omnesin
413 917 608 961 Domino
629 918 895 972 salutamus,
920 917 1135 975 precipue
1166 924 1318 961 tamen
1346 917 1512 960 Rdum.
1546 918 1600 960 P.
1626 918 1797 961 Dnum.

168 993 431 1039 Cornelium
447 994 767 1040 Wisschauem
789 1002 835 1040 et
853 995 1013 1039 fratres
1030 994 1328 1039 colonienses.
1351 995 1477 1038 Bene
1498 995 1648 1038 valeat
1670 995 1723 1037 Ρ.
1745 995 1802 1038 V.
1860 1048 1864 1051 ⁵

172 1070 220 1114 in
241 1072 327 1115 Χ.ο
349 1085 540 1127 semper.

258 1148 438 1205 Raptim
470 1148 687 1192 Coloniae
719 1149 744 1191 8
766 1148 1001 1194 Februarii
1038 1159 1164 1204 1554.
1200 1149 1254 1192 R.
1281 1149 1338 1192 V.
1374 1162 1537 1193 seruus
1564 1147 1798 1206 indignus,

655 1273 660 1276 ,
1026 1227 1322 1270 LEONARDUS
1351 1226 1558 1269 KESSEL.

257 1303 516 1358 Inscriptio:
541 1302 570 1360 †
592 1303 706 1346 Rdo.
732 1302 779 1345 in
801 1303 888 1346 X.⁰
911 1302 1051 1356 Patri,
1077 1304 1139 1346 M.
1166 1301 1345 1359 Ignatio
1367 1317 1392 1346 a
1415 1303 1601 1358 Loyola,
1636 1318 1800 1360 prepo-

165 1378 251 1423 sito
273 1378 471 1436 generali
496 1378 713 1424 Societati
729 1381 855 1437 Jesu.
882 1380 1062 1424 Romae.

928 1609 1047 1669 τῷ

751 1711 922 1747 MARIA
948 1712 1019 1747 DE
1044 1710 1213 1749 GESSO

535 1807 720 1850 PATRI
752 1808 1014 1852 1GNATIO
1047 1809 1130 1851 DE
1162 1808 1422 1852 LOYOLA

625 1909 837 1938 FERRARIA
866 1909 907 1946 15
933 1910 1160 1938 FEBRUARH
1188 1902 1307 1948 1554¹

159 1989 354 2026 Gaudium
388 2001 437 2025 ex
470 1989 641 2038 acceptis
670 1990 813 2037 Ignatii
842 1991 1003 2027 litteris.
1018 1991 1213 2027 -Mariae
1243 1990 1283 2027 in
1316 1991 1550 2027 ferrariense
1584 1993 1792 2039 collegium

726 2050 905 2086 voluntas
923 2061 968 2085 ac
986 2050 1217 2086 liberalitas.

810 2136 945 2191 Jesus
968 2134 1126 2178 Maria.
1170 2122 1187 2139 ’

247 2228 313 2271 La
333 2227 479 2284 gratia
498 2242 524 2272 e
546 2242 686 2285 pacce
707 2229 764 2271 de
787 2230 849 2272 M.
876 2228 1129 2286 Jesucristo
1151 2243 1327 2286 sempre
1349 2243 1504 2273 cresca
1525 2244 1550 2273 e
1571 2244 1789 2287 romanga

158 2303 206 2346 in
227 2303 392 2358 lanima
412 2305 470 2348 de
490 2305 532 2348 la
555 2307 608 2348 P.
634 2306 712 2358 V.‚
738 2305 902 2350 Padre.
929 2306 1076 2349 Padre
1097 2305 1187 2348 mio
1209 2305 1255 2348 in
1271 2305 1521 2363 Jesucristo
1541 2307 1788 2349 observan—

159 2380 358 2424 dissimo.
379 2382 444 2425 La
460 2381 592 2425 visita
605 2382 665 2426 de
681 2383 739 2426 V.
761 2383 814 2426 P.
835 2397 922 2425 con
938 2397 1020 2427 sue
1035 2383 1195 2427 lettere
1211 2383 1226 2403 ²
1245 2398 1318 2427 me
1340 2397 1428 2426 ano
1444 2384 1548 2428 date
1570 2384 1612 2426 13
1630 2383 1741 2426 vitta
1763 2398 1789 2426 a

159 2457 414 2503 suleuarme
434 2459 508 2503 del
523 2456 661 2502 dubio
683 2461 768 2504 che
790 2461 898 2503 hera
918 2474 1056 2503 causa
1077 2461 1133 2503 de
1154 2460 1197 2503 la
1217 2460 1306 2503 mia
1328 2460 1556 2512 infirmita,
1581 2461 1624 2503 la
1640 2460 1789 2516 qualle

160 2535 218 2578 he
245 2536 322 2579 vn’
352 2541 546 2580 tremore
572 2537 629 2579 de
656 2550 808 2590 cuore,
840 2539 925 2582 che
952 2537 1064 2582 altre
1095 2538 1216 2581 uolte
1243 2537 1258 2579 i
1285 2537 1448 2582 medici
1471 2552 1544 2581 me
1572 2551 1658 2579 ano
1686 2536 1786 2579 det-

158 2617 221 2665 to,
241 2626 290 2656 se
307 2626 398 2655 non
415 2627 488 2657 me
509 2614 683 2668 quardo
705 2613 793 2657 dali
815 2613 951 2668 afani,
976 2614 1077 2657 chel
1098 2613 1214 2658 saria
1234 2614 1278 2657 la
1292 2621 1437 2659 morte
1454 2614 1558 2656 mia:
1579 2628 1684 2656 cosa
1699 2614 1785 2656 che

155 2702 228 2732 me
249 2703 415 2744 pareua
435 2689 575 2733 molto
595 2689 776 2743 dificile,
801 2678 1059 2735 conosendo
1080 2691 1183 2736 chel
1199 2691 1366 2734 mondo
1383 2705 1478 2745 non
1494 2697 1698 2747 prometo
1716 2690 1783 2732 al-

155 2769 240 2817 tro,
274 2779 380 2818 non,
405 2781 478 2810 ma
499 2766 619 2810 afani
639 2781 665 2810 e
687 2767 881 2822 traualli,
911 2783 937 2812 e
958 2769 1043 2811 che
1069 2768 1226 2811 siando
1247 2759 1438 2812 inferma
1465 2768 1508 2810 la
1535 2766 1783 2824 principale

226 2908 238 2928 ¹
288 2907 346 2942 Ex
363 2910 600 2956 autographo
617 2909 657 2945 in
675 2911 754 2946 vol.
778 2911 825 2956 E,
843 2910 988 2957 duplici
1006 2910 1113 2958 folio
1132 2923 1175 2947 n.
1197 2919 1256 2958 55,
1272 2911 1378 2958 prius
1396 2919 1458 2957 91.

225 2967 239 2987 ²
289 2965 364 3001 Die
394 2975 440 3002 20
463 2968 637 3013 januarii
663 2977 753 3014 1554
777 2969 932 3017 scripsit
949 2970 1126 3016 Ignatius
1148 2971 1238 3006 huic
1260 2970 1460 3015 dominae,
1484 2969 1532 3004 de
1556 2966 1778 3003 ferrariensi

98 3046 101 3047 ν
155 3024 321 3071 collegio
338 3026 439 3060 bene
456 3025 632 3070 meritae,
650 3027 813 3070 litteras,
828 3040 924 3075 quas
937 3029 1058 3065 habes
1072 3029 1224 3066 italice'
1214 3041 1254 3065 1n
1271 3029 1416 3065 Cartas
1429 3030 1475 3064 de
1496 3028 1579 3063 San
1598 3027 1777 3074 Ignacio,

157 3089 191 3120 t.
215 3093 270 3130 1v,
289 3094 382 3131 pag.
405 3083 489 3130 413,
508 3090 548 3120 et
564 3085 777 3133 hispanice,
792 3098 881 3134 pag.
900 3087 946 3124 32
965 3092 1005 3124 et
1022 3100 1134 3137 seqq.
