2014 3470
725 233 772 271 23
797 234 1046 271 Novmfflms
1075 243 1166 281 1554
1646 238 1717 284 463

129 343 178 381 et
198 351 279 394 per
299 344 429 393 poter
450 336 531 379 dar
560 350 586 379 a
613 336 655 379 16
677 337 802 379 uolte
829 335 953 379 aiuto
980 350 1007 380 a
1035 335 1114 393 piu
1135 350 1241 382 cose
1267 338 1326 382 de
1357 352 1462 394 qua.
1495 339 1547 382 El
1576 339 1773 397 Signore

132 428 205 458 me
225 413 414 470 perdoni
435 414 478 458 le
499 412 589 458 mie
612 412 884 470 arrogantie.

223 492 408 547 Pregho
429 504 594 534 ancora
616 491 658 534 13
682 492 734 533 P.
761 491 820 534 V.
845 491 931 534 che
947 489 1008 533 mi
1027 490 1141 534 facia
1157 490 1375 548 participe
1392 491 1437 534 di
1454 491 1645 548 qualche
1662 508 1764 551 gra-

133 567 196 611 tia
218 567 466 624 spirituale,
492 582 572 623 per
592 567 623 610 li
647 566 742 610 uiui
764 574 810 611 et
831 581 911 624 per
931 566 963 610 li
984 566 1192 611 deffunti.

224 644 307 688 Poi
329 646 490 696 anche,
517 645 698 700 quando
721 645 771 688 fu
792 643 869 700 qui
891 644 934 688 el
955 645 1009 687 P.
1040 644 1240 700 Laynez,
1265 659 1338 688 me
1365 659 1581 690 concesse
1613 647 1643 689 li
1676 647 1769 691 casi

132 721 368 774 reseruati,
383 722 570 766 benche
592 721 651 775 io,
677 723 796 765 doue
817 722 843 765 e
870 735 978 765 cosa
1000 720 1046 764 di
1075 728 1234 777 troppo
1262 721 1562 778 importanza,
1595 738 1687 767 non
1707 726 1765 767 m'

129 797 352 855 inpaccio;
379 798 504 854 pero,
530 813 578 842 se
600 813 708 854 pare
729 805 775 842 et
795 798 923 855 piace
940 798 1027 841 alla
1042 797 1215 842 charita
1232 805 1384 842 vostra
1405 798 1451 841 di
1473 800 1762 854 confirmarli‚

131 876 298 931 perche
319 875 469 931 doppo
491 875 534 918 la
556 874 644 918 mia
668 874 982 929 relassatione,
1015 889 1107 918 non
1136 889 1207 918 me
1229 876 1275 917 n’
1299 876 1359 918 ho
1388 877 1545 920 uoluto
1574 877 1762 929 seruire,

130 953 295 1008 perche
322 966 381 995 ne
405 966 553 995 aueua
585 951 788 1006 stimolo,
819 958 864 996 et
893 953 1039 996 anche
1066 966 1159 995 non
1186 967 1259 996 me
1286 966 1345 995 ne
1373 967 1519 996 sonno
1549 954 1762 1009 occorssi‚

129 1043 272 1072 senon
298 1028 373 1071 doi
401 1028 567 1072 infirmi
599 1030 684 1072 che
712 1043 803 1072 non
831 1043 1001 1073 eranno
1034 1028 1278 1073 confessati
1298 1030 1453 1073 l'anno
1481 1037 1682 1086 passato,
1720 1039 1765 1076 et

127 1106 187 1149 de
221 1105 392 1157 alcuni,
430 1107 516 1150 che
548 1105 594 1148 in
624 1112 774 1162 tempo
803 1104 849 1148 di
876 1104 1090 1148 infirmita
1117 1120 1144 1148 o
1172 1104 1438 1162 impotentia
1467 1108 1764 1152 comederunt

131 1182 356 1238 prohibita
378 1183 452 1226 nel
474 1189 625 1238 tempo
647 1182 692 1224 di
715 1181 983 1237 quaresima‚
1010 1197 1037 1225 o
1059 1183 1170 1226 altre
1198 1181 1372 1239 uigilie,
1396 1182 1427 1225 li
1454 1183 1578 1239 quali
1599 1183 1693 1227 casi
1714 1199 1764 1229 se

129 1273 313 1302 reserua
340 1260 382 1303 el
409 1266 564 1303 nostro
593 1258 840 1309 ordinario,
872 1258 1130 1315 imperoche
1160 1259 1263 1302 uole
1294 1261 1381 1303 che
1406 1248 1681 1303 domandino
1708 1260 1763 1303 li-

126 1335 277 1380 centia
297 1337 339 1379 al
360 1336 537 1380 medico
560 1335 813 1392 spirituale,
846 1343 892 1379 et
913 1335 955 1378 al
977 1336 1231 1392 corporale;
1262 1343 1308 1379 et
1335 1351 1479 1380 sonno
1509 1336 1622 1380 tanti
1644 1336 1675 1379 li
1696 1338 1762 1381 soi

124 1412 220 1455 casi
247 1412 491 1466 reseruati,
524 1427 637 1456 sono
663 1412 741 1469 piu
768 1414 826 1457 de
846 1425 927 1467 40,
958 1413 1134 1457 benche
1162 1427 1249 1456 con
1281 1428 1374 1467 me,
1410 1417 1590 1470 quando
1619 1415 1649 1458 li
1677 1417 1761 1460 do—

127 1490 290 1533 mando
312 1489 473 1546 gratie,
500 1504 573 1534 me
595 1505 654 1534 ne
675 1490 734 1543 fa3
755 1497 801 1533 et
825 1491 971 1534 anche
988 1490 1171 1546 quando
1193 1505 1264 1534 me
1286 1505 1343 1534 ne
1361 1505 1597 1536 occoresse
1613 1493 1656 1536 d’
1676 1493 1761 1536 im-

123 1575 362 1623 portanza,
388 1581 479 1610 non
504 1573 663 1623 troppo
684 1581 757 1610 me
778 1566 996 1623 ingeriro.
1025 1567 1092 1610 La
1114 1568 1166 1610 P.
1195 1568 1253 1611 V.
1288 1567 1403 1611 facia
1423 1570 1575 1623 quello
1603 1569 1634 1612 li
1656 1584 1763 1626 pare

124 1643 308 1700 meglio,
334 1645 403 1687 ala
423 1644 558 1700 quale
579 1644 719 1687 molto
741 1644 814 1688 nel
846 1643 1014 1701 Signor
1037 1658 1110 1687 me
1142 1645 1430 1688 racomando.
1461 1646 1521 1689 Di
1550 1648 1607 1691 V.
1636 1649 1690 1690 Ρ.·
1714 1646 1761 1691 i'n

124 1721 228 1765 Iesu
249 1735 382 1764 seruo
403 1720 579 1774 inutile,

1015 1799 1248 1844 GASPARO
1280 1801 1562 1845 GROPELLO.

214 1874 285 1917 Da
307 1875 479 1918 Bassan
500 1874 574 1918 alli
598 1887 648 1918 21
670 1875 932 1919 Nouembre
955 1885 1025 1930 54.

215 1951 472 2007 Inscrz'plio:
487 1952 530 1995 A
541 1952 680 1995 molto
693 1952 807 1996 Rdo.
822 1951 870 1995 in
882 1954 1001 2009 Xpo.
1020 1953 1182 2007 Padre,
1197 1954 1239 1997 el
1251 1955 1398 1998 Padre
1412 1954 1548 1998 miser
1560 1957 1613 1998 P.
1627 1956 1758 2012 Igna-

123 2027 186 2070 tio
207 2027 265 2072 de
286 2028 470 2084 Loyola,
496 2027 724 2085 preposito
745 2030 959 2086 generale
981 2030 1038 2072 de
1065 2030 1108 2073 la
1136 2030 1418 2087 Compagnia
1447 2031 1492 2074 di
1514 2033 1642 2089 Jesu,
1674 2047 1758 2076 suo

119 2104 537 2158 osservandissimO,
563 2121 590 2149 a
611 2107 770 2150 Roma.
796 2106 905 2149 Alia
926 2121 1084 2149 manu:
1105 2107 1210 2150 R‚ta
1237 2107 1310 2151 alli
1328 2121 1384 2163 30
1401 2109 1474 2152 del
1491 2109 1751 2153 medesimo.

876 2296 1000 2336 9114

566 2398 947 2436 GUNDISALVUS
973 2398 1044 2433 DE
1070 2397 1313 2434 SILVEIRA

495 2484 683 2528 PATRI
712 2483 974 2529 IGNATIO
1006 2483 1089 2526 DE
1121 2484 1380 2528 LOYOLA

586 2587 805 2615 omsxpom:
823 2577 868 2613 23
885 2585 1126 2614 NOVEMBms
1145 2585 1236 2622 1554
1254 2576 1280 2613 ⁸.

117 2660 276 2696 Patrem
293 2660 417 2696 Miron
435 2662 601 2697 Eboram
626 2661 783 2708 adiisse,
801 2660 1064 2697 refert.-Res
1089 2660 1295 2697 Societatis
1319 2673 1502 2709 prospere
1521 2662 1749 2698 succedunt.

190 2719 340 2755 —Novi
357 2720 523 2757 aedificii
541 2733 638 2768 opus
656 2726 830 2767 urgetur:
851 2720 899 2756 ad
916 2719 1012 2756 illud
1035 2719 1131 2756 socii
1148 2721 1311 2768 cupiunt
1334 2721 1627 2768 migrare.—Pii
1645 2721 1752 2758 Gun-

192 2779 332 2815 disalvi
350 2791 507 2817 sensus.
534 2784 538 2789 '

887 2847 976 2890 Ihs.

209 2930 275 2973 La
303 2929 456 2986 gracia
484 2945 514 2985 y
543 2945 626 2986 paz
654 2930 711 2973 de
734 2931 844 2987 Jesu
872 2929 958 2974 X.⁰
990 2936 1176 2973 nuestro
1202 2937 1337 2974 senor
1365 2944 1442 2973 sea
1471 2929 1662 2986 siempre
1693 2945 1751 2974 en

196 3039 206 3060 ¹
258 3037 315 3072 Ex
334 3036 511 3082 originali
531 3037 569 3072 in
588 3037 666 3073 vol.
686 3037 732 3080 E,
750 3036 894 3084 duplici
913 3036 1020 3083 folio,
1039 3049 1078 3074 n.
1101 3036 1182 3086 167,
1199 3037 1305 3086 prius
1324 3045 1406 3082 450.
