2060 3450
5 3202 7 3207 .
10 3162 11 3167 „
0 2963 10 3143 wwv--w-n-v,
0 2928 8 2949 w.
0 2880 7 2903 ι·
0 2858 2 2860 «
0 2774 3 2783 -

800 276 843 313 19
869 268 1070 315 JANUARn
1098 275 1188 313 1555
1690 266 1758 312 531

263 373 328 416 Μ.Ι
349 372 586 416 Balthasar
607 372 617 393 ¹
637 385 688 416 se
703 376 835 416 sente
851 383 1007 427 spesse
1023 370 1151 415 uolte
1166 370 1299 424 male,
1318 385 1347 414 o
1362 370 1482 414 dello
1502 372 1755 423 stomacho,
1780 385 1809 414 o

165 448 292 492 della
311 448 492 506 gamba.
516 448 622 492 Non
644 447 810 502 studia,
834 462 908 490 ma
929 448 975 490 fa
995 447 1190 504 qualche
1211 447 1335 491 uolta
1353 447 1398 490 la
1418 446 1623 501 cuccina,
1651 449 1806 504 perch*

173 540 265 568 non
286 540 394 583 pare
414 524 553 569 habbi
574 524 777 582 ingegno
798 539 878 582 per
897 523 1136 581 imparare:
1161 526 1272 568 hora
1292 538 1342 568 se
1362 532 1493 569 sente
1516 539 1577 568 un
1598 539 1715 582 poco
1737 525 1809 568 in-

163 602 373 659 disposto
394 602 514 646 dello
536 603 787 646 stomacho.
814 602 896 647 Sta
916 600 1034 645 assai
1054 602 1171 646 bene
1187 601 1305 645 dello
1322 601 1497 658 spirito,
1516 608 1563 646 et
1578 603 1638 645 ha
1657 602 1811 646 buona

172 679 376 723 uolonta.
928 674 931 676 Δ

260 758 324 800 Μ.
351 756 560 813 Philippo
582 755 628 799 di
656 758 794 799 Prato
822 762 893 800 sta
920 756 1037 800 bene
1058 756 1132 799 del
1152 769 1291 812 corpo
1308 761 1354 800 et
1374 755 1657 808 dell’anima,
1683 761 1729 801 et
1752 770 1810 799 ua

163 833 306 887 bene,
330 841 377 878 et
397 832 664 877 commincia
688 849 714 877 a
734 833 964 890 ripigliare
984 833 1028 878 le
1048 834 1211 878 lettere
1231 847 1320 876 con
1341 839 1480 890 gusto
1496 840 1543 877 et
1564 833 1719 878 fruttO.

260 911 482 968 Giacopo,
507 910 742 963 firentino,
767 911 840 954 del
861 925 998 967 corpo
1019 912 1046 954 e
1067 924 1244 967 sempre
1265 909 1539 967 indispost0;
1564 910 1809 955 dellanima

162 994 244 1032 ‘sta
264 989 400 1041 bene,
425 995 471 1032 et
493 1002 586 1031 non
607 986 758 1031 studia
778 988 925 1040 nulla,
951 1002 1024 1031 ma
1047 988 1091 1030 fa
1112 987 1306 1043 qualche
1327 987 1563 1045 seruiggio
1584 1002 1664 1044 per
1684 1002 1805 1031 casa.

264 1065 551 1110 Wencislaos
568 1065 602 1118 ¹,
623 1065 856 1117 todescho‚
871 1066 982 1107 hora
998 1071 1068 1107 sta
1083 1065 1202 1107 bene
1218 1064 1291 1108 del
1307 1078 1459 1120 corpo;
1474 1064 1734 1108 dell’anima
1751 1079 1811 1108 ua

175 1141 292 1185 assai
314 1143 446 1195 bene,
472 1156 558 1198 pur
578 1156 679 1186 rare
701 1142 827 1184 uolte
849 1155 912 1183 un
934 1155 1048 1197 poco
1069 1140 1251 1184 difficile
1268 1140 1619 1185 all’obedientia.
1643 1141 1768 1185 Insin
1783 1157 1810 1185 a

175 1221 287 1263 hora
308 1220 334 1262 e
357 1225 475 1262 stato
498 1219 639 1262 molto
663 1225 815 1275 tempo
837 1219 1046 1270 amalato,
1066 1225 1111 1262 et
1128 1218 1237 1274 pero
1259 1219 1319 1261 ha
1334 1232 1449 1274 poco
1466 1218 1680 1263 studiato:
1698 1221 1811 1263 hora

174 1296 341 1349 studia,
366 1303 412 1340 et
433 1311 525 1339 non
547 1295 584 1339 si
606 1296 698 1352 puo
720 1297 917 1339 anchora
939 1295 1107 1339 uedere
1128 1294 1159 1336 il
1182 1295 1322 1338 frutto
1344 1295 1482 1338 ch’fa.

265 1373 416 1418 Vitale
438 1379 509 1416 sta
535 1373 652 1417 bene
681 1372 754 1416 del
781 1386 941 1428 corpo,
972 1379 1018 1415 et
1044 1371 1163 1415 dello
1190 1371 1346 1428 spirito
1373 1385 1482 1428 pare
1509 1373 1647 1416 ch’ua
1671 1373 1806 1417 bene:

174 1449 325 1493 studia
346 1457 392 1494 et
414 1450 458 1493 fa
481 1450 622 1492 frutto
642 1449 761 1492 nelle
782 1449 957 1493 lettere.

265 1527 500 1571 Ludouico
513 1527 572 1570 da
587 1528 623 1570 F
626 1541 776 1571 errara
792 1526 962 1583 spende
978 1540 1058 1582 per
1074 1526 1117 1569 13
1134 1540 1254 1580 casa,
1274 1526 1439 1569 bench’
1458 1541 1551 1569 non
1568 1526 1635 1570 sia
1651 1533 1811 1583 troppo

174 1604 338 1648 idoneo
368 1619 395 1647 a
431 1603 571 1647 niuno
603 1602 773 1656 officio,
805 1618 949 1647 senon
986 1618 1012 1646 a
1049 1602 1354 1647 sar’oratione.
1379 1603 1467 1647 Del
1499 1617 1636 1659 corpo
1663 1617 1755 1646 non
1785 1603 1811 1648 ἑ

176 1689 338 1739 troppo
361 1695 486 1734 sano,
512 1680 767 1724 dell’anima
787 1681 813 1724 ὲ
834 1680 991 1724 diuoto
1007 1681 1163 1733 molto,
1182 1695 1257 1723 ma
1273 1694 1363 1723 non
1383 1687 1543 1737 troppo
1560 1680 1808 1737 resignato,

177 1765 223 1803 et
243 1759 369 1802 lento
393 1772 419 1800 a
439 1758 596 1801 lassar’
619 1758 663 1800 la
683 1757 862 1814 propria
884 1757 1073 1800 uolonta
1092 1763 1138 1800 et
1161 1757 1255 1800 fare
1276 1757 1320 1800 13
1340 1756 1611 1801 obedientia.

265 1835 602 1887 Bartholomeo,
627 1834 901 1891 piacentino‚
927 1834 971 1877 fa
991 1834 1035 1877 13
1056 1833 1235 1888 cucina,
1258 1841 1304 1878 et
1326 1848 1436 1878 cuse
1458 1834 1543 1877 alle
1566 1834 1704 1879 uolte.
1730 1835 1812 1879 Sta

177 1913 317 1956 molto
353 1913 470 1955 bene
506 1912 580 1955 del
615 1926 755 1968 corpo
773 1945 782 1964 ,
824 1918 869 1956 et
906 1911 1166 1955 dell'anima
1201 1913 1400 1955 anchora
1437 1927 1496 1955 ua
1532 1911 1648 1956 assai
1675 1913 1807 1956 bene:

167 2004 358 2046 auenga
378 2003 471 2033 non
492 1988 558 2032 sia
579 1990 777 2032 anchora
798 1990 888 2032 ben
910 1988 1141 2046 resignato
1157 1995 1204 2032 et
1218 1988 1405 2041 humile,
1424 2004 1499 2031 ma
1513 1990 1574 2032 ha
1589 1989 1714 2032 buon
1730 1989 1812 2034 de-

178 2066 359 2119 siderio,
385 2072 429 2110 et
451 2067 477 2109 e
498 2066 588 2109 ben
608 2065 809 2122 disposto
832 2080 911 2122 per
933 2079 1138 2110 crescere
1158 2066 1265 2110 nell'
1289 2065 1513 2110 humilita.

268 2144 315 2186 Io
352 2148 523 2198 quanto
559 2142 602 2185 al
634 2156 771 2199 corpo
808 2150 879 2186 sto
919 2142 1035 2186 assai
1071 2143 1210 2195 bene,
1250 2142 1415 2187 bench’
1455 2157 1611 2199 spesso
1647 2142 1813 2186 habbia

180 2219 359 2276 qualch’
393 2218 547 2276 doglia
577 2218 622 2262 di
654 2234 766 2276 capo
799 2234 827 2263 o
862 2218 1042 2263 catarri.
1083 2220 1131 2262 Io
1166 2219 1229 2262 mi
1266 2234 1439 2276 occupo
1464 2219 1514 2262 in
1550 2219 1701 2275 quello
1737 2220 1810 2263 ch¹

180 2297 347 2340 accade
368 2310 447 2352 per
469 2295 533 2352 gli
555 2296 733 2353 negocij
757 2297 831 2341 del
853 2296 1063 2353 collegio,
1088 2296 1135 2339 in
1156 2297 1345 2354 leggere
1367 2311 1459 2340 una
1479 2295 1747 2341 lettiuncina
1768 2296 1814 2339 di

180 2387 317 2430 greco
339 2387 366 2415 a
388 2379 455 2415 tre
476 2372 685 2426 scholari3
709 2374 849 2430 leggo
870 2373 914 2416 13
943 2373 1142 2416 dottrina
1169 2373 1414 2417 christiana
1435 2373 1510 2417 alli
1537 2372 1730 2416 scholari
1749 2372 1814 2429 gli

179 2449 372 2493 sabbati.
398 2450 541 2501 Hora,
566 2463 646 2505 per
667 2449 815 2493 insino
837 2451 924 2493 alla
946 2449 1223 2505 quaresima,
1248 2450 1466 2507 predicho
1492 2451 1535 2494 la
1556 2449 1746 2494 mattina
1772 2450 1814 2493 le

180 2526 296 2570 feste
326 2526 449 2570 nella
476 2532 632 2568 nostra
660 2525 851 2581 chiesia,
880 2528 1059 2571 benche
1087 2528 1234 2583 pocho
1261 2527 1485 2571 auditorio
1506 2526 1626 2570 insin
1653 2527 1814 2571 adesso

179 2603 314 2647 uiene
334 2603 378 2645 la
398 2601 602 2655 mattina‚
627 2604 804 2646 benche
825 2603 900 2646 doi
923 2603 1046 2647 uolte
1068 2604 1316 2648 solamente
1337 2605 1397 2648 ho
1413 2603 1643 2661 predicato
1664 2604 1814 2660 doppo

178 2680 344 2723 natale.
372 2680 447 2723 Ho
468 2679 669 2723 studiato
692 2680 907 2735 alquanto
929 2679 975 2722 in
998 2694 1090 2724 uno
1112 2681 1359 2737 espositore
1376 2695 1509 2737 sopra
1524 2681 1556 2723 l’
1582 2680 1771 2737 epistola
1788 2695 1814 2724 a

180 2756 370 2809 romani,
395 2757 572 2800 benche
593 2770 710 2812 poco
733 2763 901 2813 tempo,
932 2758 1088 2813 perch’
1113 2769 1193 2814 per
1219 2757 1309 2801 mia
1331 2756 1614 2814 negligentia
1643 2771 1733 2800 non
1762 2769 1814 2800 so

252 2895 263 2915 ¹
314 2893 516 2928 Balthasar
534 2892 777 2927 Hostovinus
795 2892 1099 2939 (Hostounsky)‚
1123 2892 1191 2940 qui
1213 2891 1426 2930 Ottovinus
1451 2894 1667 2940 appellatur
1690 2904 1713 2928 a
1736 2893 1813 2929 Po—

181 2960 337 2998 LANCO,
356 2957 386 2987 t.
405 2961 446 2996 v,
464 2963 557 2998 pag.
581 2960 641 2996 25,
658 2963 702 2987 n.
725 2960 785 2996 41,
805 2951 872 2987 ubi
890 2952 1135 2987 occasionem
1158 2952 1332 2988 declarat
1354 2964 1429 3000 qua
1452 2953 1654 2988 Balthasar
1670 2952 1813 3000 aliique

178 3011 339 3047 bohemi
356 3023 401 3047 ac
418 3010 595 3057 germani
613 3010 652 3046 in
671 3010 910 3047 Societatem
929 3016 1019 3046 sunt
1037 3011 1225 3057 ingressi.

183 3091 190 3097 ·
252 3072 266 3092 ²
317 3071 576 3106 Wenceslaus
595 3069 808 3106 sturmius.
