2060 3432
288 236 359 282 718
777 237 1017 273 Ems’rOLAE
1043 235 1330 282 Momm—984

237 344 326 391 sto,
351 343 397 380 et
421 336 519 381 fatti
540 337 747 394 perfectti
769 335 1016 381 christiani.
1049 336 1107 379 Et
1135 337 1299 392 perche
1321 337 1409 398 [ad]
1437 337 1546 395 ogni
1569 338 1790 396 principio
1811 340 1870 384 de

238 427 377 470 opera
397 414 551 458 buona
565 421 612 458 et
628 429 654 458 a
670 414 757 458 Dio
775 420 921 471 grata,
946 426 1038 455 non
1054 412 1086 454 li
1101 412 1294 456 mancho
1309 413 1398 457 mai
1414 421 1643 459 contrasto
1661 421 1707 459 et
1723 430 1868 473 oppo-

237 490 405 534 sitione
421 490 526 534 dalli
548 491 686 535 catiui
707 498 753 535 et
775 489 964 534 membri
985 490 1043 534 de
1063 490 1263 546 l’angelo
1284 490 1400 535 della
1421 491 1533 535 falsa
1554 492 1672 547 luce,
1691 491 1722 535 11
1744 493 1865 549 quali

238 581 493 612 cercauano
515 568 572 612 de
594 567 812 624 impedire
839 581 902 610 un
930 572 1056 611 tanto
1084 567 1225 610 frutto
1247 568 1332 611 che
1360 566 1398 610 si
1425 568 1470 611 fa
1497 568 1613 613 delle
1640 568 1865 626 frequenti

239 643 526 689 confessione
542 651 587 688 et
604 644 889 697 comunione;
909 658 983 687 ma
999 650 1169 700 quanto
1185 643 1263 700 pisi
1277 645 1429 694 hanno
1446 652 1625 689 cercato
1642 646 1699 690 de
1721 645 1865 703 impe-

238 720 355 766 dirle
370 727 414 764 et
431 722 697 774 remouerle,
713 727 840 764 tanto
850 720 929 777 pisi
942 734 1026 764 son
1039 734 1216 777 sempre
1229 727 1554 778 augumentate
1567 728 1613 765 et
1627 722 1863 768 cresciute.

240 799 292 841 In
321 804 482 854 questo
514 805 665 854 tempo
698 797 739 841 ci
772 797 919 854 capito
952 799 1014 842 M.
1051 797 1141 841 don
1173 798 1209 841 F
1212 811 1426 841 rancesco
1460 798 1649 851 Palmio,
1679 798 1710 841 il
1737 799 1870 855 quale

239 875 388 919 hebbe
410 874 579 918 ricorso
599 890 625 918 a
645 889 735 928 me,
759 873 1085 919 ricercandomi
1115 873 1180 931 gli
1208 873 1403 917 trouassi
1431 888 1522 917 una
1549 889 1653 918 casa
1673 874 1719 918 di
1741 876 1870 931 qual-

241 953 326 996 che
347 953 482 995 homo
503 953 561 995 da
581 953 698 996 bene
725 952 782 995 ad
809 950 1028 1008 insignar’
1059 951 1132 994 alli
1160 950 1261 994 suoi
1288 950 1462 1008 figlioli3
1489 958 1534 994 et
1556 952 1764 995 uedando
1785 954 1869 997 che

237 1042 288 1071 se
311 1034 552 1071 accostaua
573 1029 712 1072 molto
734 1027 808 1072 alli
831 1026 988 1071 rittimi
1009 1034 1055 1071 et
1076 1027 1269 1071 costumi
1289 1028 1346 1072 de
1375 1027 1512 1084 quelli
1534 1029 1650 1072 della
1672 1029 1869 1086 Compa—

238 1104 364 1161 gnia,
390 1106 433 1148 10
454 1104 591 1149 messi
611 1104 659 1148 in
681 1119 786 1148 casa
806 1105 864 1148 de
885 1118 949 1147 un
970 1104 1282 1161 gentildonna,
1304 1105 1497 1159 uedoua‚
1522 1119 1602 1161 per
1623 1107 1865 1162 precettor'

239 1183 299 1225 de
320 1196 384 1225 un
406 1196 490 1225 suo
511 1181 699 1239 figliolo,
724 1188 770 1225 et
793 1182 860 1225 fra
881 1183 1027 1238 pocho
1049 1187 1200 1238 tempo
1221 1182 1265 1225 10
1287 1181 1389 1225 tolsi
1416 1197 1497 1238 per
1523 1182 1614 1225 mio
1635 1182 1867 1239 capellano

244 1258 292 1301 in
314 1266 444 1302 santa
475 1258 618 1302 Lucia
650 1259 736 1302 alla
765 1273 877 1302 cura
906 1258 1024 1303 della
1054 1258 1282 1315 parochia,
1312 1265 1358 1302 et
1383 1265 1520 1302 stette
1542 1273 1621 1315 per
1641 1258 1719 1302 dui
1740 1258 1862 1303 anni.

243 1335 359 1379 Puoi
381 1335 472 1392 egli
494 1335 531 1379 si
553 1350 701 1380 messe
727 1335 775 1378 in
795 1349 901 1379 casa
916 1336 1033 1379 della
1050 1335 1348 1393 Compagnia‚
1367 1343 1413 1380 et
1428 1350 1513 1380 con
1531 1335 1595 1392 gli
1611 1335 1712 1379 altri
1727 1335 1866 1381 insie-

239 1426 311 1456 me
333 1427 415 1456 son
438 1412 542 1457 stati
564 1413 705 1456 molto
726 1413 816 1457 ben
839 1411 946 1455 uisti
973 1419 1019 1456 et
1047 1411 1294 1456 accarezati
1322 1413 1379 1457 da
1407 1413 1515 1456 tutti
1540 1412 1572 1455 li
1601 1412 1706 1456 miei
1733 1427 1867 1470 paro—

240 1489 389 1534 chiani
411 1490 484 1533 dal
506 1489 727 1546 principio
749 1490 813 1532 fin
834 1490 892 1533 ad
913 1491 1039 1544 hora3
1064 1491 1122 1533 ne
1143 1489 1232 1533 mai
1247 1489 1278 1532 li
1299 1504 1383 1533 son
1404 1489 1510 1534 stati
1525 1490 1664 1534 scarsi
1681 1497 1727 1535 et
1743 1488 1869 1534 auari

239 1566 283 1609 in
307 1566 556 1623 prouedelli
580 1566 695 1610 assai
712 1573 1151 1623 competentemente
1168 1567 1224 1611 de
1240 1566 1349 1624 ogni
1365 1582 1472 1611 cosa
1487 1566 1766 1612 neccessaria
1782 1567 1869 1610 alla

239 1643 571 1688 sustentatione
599 1650 645 1686 et
675 1643 818 1687 uiuer'
849 1658 948 1687 suo.
980 1644 1084 1687 Non
1113 1645 1305 1687 mancho
1332 1643 1379 1687 in
1406 1645 1450 1689 le
1477 1645 1545 1687 lor
1572 1643 1867 1700 infi[r]mitate

238 1735 330 1764 non
352 1720 398 1764 ui
425 1721 602 1764 lassano
631 1722 872 1769 manchare
900 1720 1061 1764 medici
1089 1727 1135 1765 et
1162 1720 1409 1765 medecine.
1435 1722 1562 1765 Hora
1583 1735 1657 1764 mo
1678 1735 1759 1778 par
1780 1722 1865 1765 che

239 1796 270 1840 il
291 1798 473 1841 sudetto
495 1799 558 1841 M.
584 1797 620 1840 F
623 1810 838 1841 rancesco
863 1796 1037 1840 Palmio
1064 1796 1229 1840 habbia
1250 1811 1331 1853 per
1356 1812 1484 1842 mezo
1512 1798 1569 1842 de
1597 1796 1863 1854 monsignor

238 1875 388 1927 Rmo.,
414 1880 569 1917 nostro
592 1872 802 1929 episcopo
826 1874 855 1925 ¹,
880 1872 1100 1917 ritrouato
1117 1888 1196 1930 per
1216 1874 1259 1917 13
1280 1873 1562 1931 Compagnia
1583 1888 1675 1917 una
1690 1872 1858 1926 chiesa,

236 1950 270 1994 11
286 1950 360 1994 cui
377 1950 528 1993 tittulo
545 1951 569 1993 e
587 1956 718 1993 santo
737 1950 938 2003 Andrea,
953 1964 1043 1993 non
1059 1965 1194 1995 senza
1210 1964 1326 2007 gran
1342 1950 1575 2007 dispiacer'
1590 1951 1647 1995 de
1665 1964 1726 1993 un
1743 1949 1863 2006 prie-

240 2034 287 2070 te
323 2026 543 2072 canonico
571 2026 831 2083 bolognese,
864 2027 905 2070 el
934 2027 1039 2082 qual
1066 2041 1146 2083 per
1172 2041 1265 2070 non
1291 2028 1447 2070 hauer’
1477 2026 1687 2083 expedito
1713 2027 1756 2070 le
1783 2040 1864 2070 sue

240 2104 374 2157 bolle,
399 2103 437 2147 si
459 2104 484 2147 e
506 2110 665 2160 potuto
688 2102 853 2159 priuar'
873 2110 918 2147 et
940 2103 1182 2159 aquistarla
1204 2105 1289 2148 3113
1305 2103 1603 2160 Compagnia,
1622 2104 1654 2146 11
1670 2105 1756 2148 01ιο
1771 2118 1864 2147 non

239 2180 429 2224 biasimo
445 2194 526 2237 per
543 2174 652 2237 o'gni
668 2194 773 2223 cosa
790 2179 957 2236 potessi
973 2179 1144 2224 euenir'
1164 2181 1220 2224 de
1236 2182 1392 2224 hauer’
1414 2196 1475 2224 un
1490 2182 1592 2224 1000
1610 2179 1768 2235 fermo,
1793 2195 1866 2224 ma

237 2258 390 2301 finche
406 2257 449 2301 io
467 2257 590 2310 uiuo,
611 2271 702 2300 non
720 2270 797 2300 era
818 2271 898 2313 per
914 2258 1120 2302 suceder’
1139 2258 1333 2301 alchuna
1348 2271 1469 2311 cosa,
1489 2259 1654 2314 perche
1671 2258 1763 2301 5013
1775 2258 1864 2302 ben

239 2335 297 2379 V.
323 2336 378 2378 R.
404 2335 591 2378 l’amore
612 2333 715 2377 chio
738 2340 868 2390 porto
890 2335 976 2377 alla
998 2334 1295 2391 Compagnia,
1320 2336 1405 2379 che
1426 2334 1501 2392 gia
1517 2334 1579 2377 mi
1594 2334 1762 2391 disposi
1778 2348 1863 2378 uo-

239 2411 305 2454 ler
327 2411 586 2455 renuntiare
607 2412 649 2454 13
670 2410 822 2455 chiesa
844 2426 870 2454 a
897 2412 960 2455 M.
986 2412 1022 2455 F
1025 2425 1239 2455 rancesco
1261 2411 1450 2465 Palmio‚
1480 2418 1526 2455 et
1553 2426 1702 2456 uenne
1723 2411 1815 2468 egli
1836 2426 1863 2455 a

238 2489 382 2532 Roma
403 2502 489 2532 con
518 2487 548 2530 11
573 2477 771 2530 mandati
798 2494 844 2530 et
873 2487 1018 2531 dinari
1045 2502 1125 2544 per
1153 2489 1220 2532 far
1240 2489 1284 2532 13
1310 2488 1609 2544 expeditione.
1643 2488 1814 2544 Piaque
1834 2503 1861 2532 a

235 2564 326 2608 Dio
347 2579 438 2607 non
461 2566 654 2607 hauesse
677 2565 853 2608 effecto.
882 2565 1032 2618 Onde,
1053 2565 1201 2609 Padre
1221 2564 1312 2608 mio
1335 2565 1468 2618 Rdo„
1489 2564 1637 2621 questi
1653 2564 1759 2608 miei
1780 2579 1861 2621 pa-

238 2640 458 2694 rochiani,
477 2639 649 2684 homini
666 2655 691 2685 e
708 2640 873 2693 donne,
895 2641 1034 2684 molto
1052 2640 1089 2684 si
1105 2642 1303 2698 dolgono
1320 2643 1404 2685 che
1420 2656 1470 2686 se
1485 2642 1651 2685 habbia
1667 2657 1693 2685 a
1715 2656 1838 2685 remo
1849 2666 1863 2674 ·

233 2719 332 2761 uer’
356 2717 402 2760 in
430 2732 492 2760 un
521 2723 658 2760 tratto
686 2723 805 2760 tutta
833 2718 876 2760 la
904 2717 1202 2774 Compagnia3
1234 2724 1280 2761 et
1308 2733 1371 2762 un
1399 2732 1535 2775 opera
1556 2719 1594 2761 si
1623 2718 1860 2775 signalata,

236 2793 504 2850 principiata
535 2793 628 2850 qui,
653 2794 791 2838 esser’
827 2793 959 2837 tirata
991 2808 1016 2837 a
1047 2801 1177 2837 santo
1210 2795 1411 2848 Andrea,
1442 2794 1472 2838 li
1504 2797 1598 2851 par’
1629 2797 1715 2840 che
1741 2795 1771 2837 li
1799 2794 1865 2839 sia

235 2870 348 2914 fatto
370 2885 486 2927 gran
508 2877 643 2925 torto,
670 2877 715 2915 et
736 2884 785 2915 se
806 2871 848 2913 13
871 2877 1074 2916 sentesse
1097 2871 1241 2929 (come
1267 2871 1324 2928 io)
1346 2871 1377 2914 li
1400 2872 1653 2925 remarichi,
1678 2871 1863 2917 lamenti

307 3042 318 3063 1
368 3041 786 3089 JoannestampeggQ
805 3041 1055 3079 bononiensis
1073 3043 1277 3091 episeopus
1294 3054 1339 3080 30
1356 3043 1574 3081 cardinalis.
