2060 3450
779 250 824 288 24
849 241 1017 279 Arruns
1047 249 1138 287 1555
1657 241 1732 288 593

832 519 834 521 .
893 486 1020 525 ulo

678 585 909 631 JOANNES
935 586 1054 622 BTA.
1082 584 1247 624 VIOLA

542 671 881 715 MARCELLO
912 671 967 723 II,
994 671 1177 715 PONT.
1214 670 1368 714 MAX.

685 773 829 800 GENUA
847 773 893 809 24
910 772 1071 800 APmms
1092 771 1182 809 1555
1201 762 1228 798 ¹.

141 846 294 883 Eximia
311 846 404 883 novi
420 846 614 893 pontificis
627 847 814 883 facilitate
832 848 1011 892 allectus,
1025 858 1071 882 ac
1083 846 1240 882 divinae
1251 846 1398 893 gloriae
1412 845 1542 882 studio
1555 852 1774 894 permotus,

215 906 347 947 audet,
365 906 538 942 adhibita
556 917 648 952 erga
664 918 858 941 summum
875 906 1172 942 christianorum
1186 911 1380 953 pastorem
1399 905 1638 952 reverentia,
1656 918 1773 953 quae-

215 965 304 1001 dam
337 965 620 1001 emendationis
649 965 777 1012 capita
800 977 1030 1012 proponere,
1055 964 1295 1011 corrigendis
1318 965 1551 1001 universalis
1581 965 1775 1000 ecclesiae

214 1025 387 1067 moribus
403 1024 630 1072 peridonea:
654 1027 688 1069 1)
706 1025 761 1061 Ut
777 1024 1057 1072 rempublicam
1080 1024 1329 1060 christianam
1354 1024 1629 1060 emendaturus
1646 1023 1757 1071 ponti

213 1083 293 1127 fex,
305 1096 327 1119 a
341 1095 383 1119 se
397 1083 570 1131 incipiat,
585 1095 630 1119 ac
643 1083 749 1119 vitae
763 1084 1019 1119 sanctimonia
1032 1089 1072 1119 et
1085 1084 1286 1130 religionis
1300 1083 1430 1119 studio
1444 1095 1486 1119 se
1501 1083 1627 1130 ipsum
1641 1095 1771 1119 exem·

211 1145 294 1191 plar
311 1142 491 1178 omnibus
509 1142 558 1178 ad
580 1142 808 1178 imitandum
831 1146 1123 1190 proponat.—2)
1147 1143 1283 1190 Curet,
1306 1149 1494 1190 quantum
1518 1142 1558 1178 in
1582 1154 1629 1178 eo
1652 1143 1773 1178 situm

208 1202 342 1246 fuerit,
360 1207 403 1238 ut
426 1202 602 1248 praelati,
627 1213 778 1237 summo
802 1201 987 1248 pontifice
1010 1201 1228 1246 inferiores,
1252 1201 1310 1237 sic
1332 1201 1544 1237 virtutibus
1568 1207 1770 1248 ornentur,

208 1267 266 1306 ut,
285 1273 385 1309 quae
403 1261 478 1296 Dei
495 1266 601 1307 sunt,
620 1261 734 1296 unice
751 1260 1042 1308 quaerant.-—3)
1058 1262 1127 1306 Ut,
1148 1261 1215 1309 qui
1233 1261 1426 1307 eligantur
1444 1260 1613 1296 ministri
1630 1260 1679 1296 ad
1703 1272 1774 1296 ne·

205 1321 314 1368 gotia
327 1320 583 1368 expedienda,
599 1326 664 1356 aut
678 1320 727 1356 ad
740 1320 956 1366 legationes
970 1320 1072 1367 apud
1086 1321 1281 1368 principes
1295 1320 1400 1356 viros
1415 1319 1630 1367 obeundas,
1639 1319 1770 1367 probi,

208 1380 351 1425 idonei,
382 1379 602 1427 integrique
627 1380 807 1425 sint.-4)
830 1381 885 1416 Ut
914 1380 1016 1416 serio
1042 1385 1200 1428 totoque
1224 1385 1383 1427 pectore
1407 1380 1607 1415 incumbat
1639 1379 1688 1414 ad
1711 1372 1771 1414 re-

206 1439 471 1476 conciliandos
489 1439 641 1475 Galliae
660 1444 700 1474 et
717 1439 930 1486 Hispaniae
949 1439 1160 1487 principes,
1177 1439 1244 1487 qui
1262 1439 1416 1475 infestis
1435 1439 1551 1474 armis
1575 1439 1769 1485 Europam

208 1499 432 1536 universam
449 1503 712 1544 commovent,
731 1498 1040 1546 dilacerantque.
1071 1498 1188 1545 Quod
1206 1498 1240 1534 si
1263 1498 1458 1546 pontificis
1481 1498 1587 1534 dicto
1610 1497 1770 1533 audien-

210 1563 272 1595 tes
288 1570 377 1595 esse
390 1558 524 1601 nolint,
546 1557 704 1593 eosdem
731 1557 922 1593 ecclesiae
945 1557 1108 1594 fulmine
1125 1558 1389 1594 deterreat.-·
1395 1561 1432 1603 5)
1450 1559 1520 1604 Ut,
1539 1557 1668 1593 missis
1685 1569 1770 1604 per-

210 1618 359 1655 idoneis
376 1617 516 1664 legatis
533 1628 579 1652 ac
597 1617 701 1652 sedis
719 1617 955 1664 apostolicae
973 1618 1136 1662 nuntiis,
1159 1623 1312 1664 satagat
1336 1623 1510 1653 errantes
1536 1629 1558 1652 a
1579 1616 1771 1653 catholica

207 1677 284 1713 fide
314 1678 491 1724 populos,
521 1676 570 1711 ad
599 1676 746 1712 Christi
776 1677 879 1712 ovile
901 1676 1193 1722 reducem—6)
1210 1676 1361 1713 Caveat
1384 1687 1629 1723 summopere
1653 1688 1702 1711 ne
1727 1676 1770 1711 in

210 1736 402 1783 eligendis
431 1735 586 1782 legatis,
618 1736 912 1782 magistratibus
942 1741 1009 1772 aut
1034 1735 1240 1781 ministris,
1273 1736 1415 1784 quibus
1444 1737 1581 1771 horum
1610 1747 1703 1771 cura
1728 1741 1772 1771 et

208 1795 409 1832 exsecutio
437 1795 707 1831 demandanda
736 1795 801 1841 sit,
829 1796 996 1842 patiatur
1019 1807 1063 1832 se
1088 1807 1218 1832 amore
1243 1807 1400 1832 suorum
1423 1800 1677 1841 cognatorum
1702 1800 1772 1830 aut

207 1855 380 1891 affinium
397 1854 534 1902 abripi,
552 1854 619 1902 qui
636 1866 742 1890 amor
759 1855 892 1891 multis
917 1854 1158 1902 perniciosus
1175 1855 1263 1891 fuit.

944 1938 974 1997 †

225 2035 493 2080 Beatissimo
523 2034 677 2091 padre.
709 2035 757 2079 S’
782 2034 813 2076 il
841 2049 953 2091 capo
972 2068 982 2088 ,
1012 2041 1141 2091 parte
1168 2034 1246 2091 piu
1275 2034 1503 2079 eminente
1529 2034 1602 2077 del
1631 2048 1769 2089 corpo

136 2111 354 2164 naturale,
378 2126 468 2154 non
497 2110 534 2154 si
562 2111 737 2167 sdegna
764 2126 915 2156 essere
943 2117 1122 2167 portato
1150 2110 1239 2154 dali
1270 2110 1412 2167 piedi,
1443 2117 1571 2167 parte
1597 2110 1768 2153 bassis-

211 2267 222 2287 ¹
272 2265 331 2300 Ex
344 2265 562 2311 apographo
576 2264 616 2300 in
630 2266 707 2300 vol.
724 2266 768 2310 F,
785 2259 968 2312 octuplici
982 2264 1089 2311 folio,
1107 2277 1146 2300 n.
1166 2264 1228 2311 34,
1242 2265 1349 2312 prius
1366 2264 1532 2310 179-184.
1544 2286 1571 2290 -
1585 2263 1684 2299 Cum
1703 2263 1772 2299 die·

138 2334 161 2369 9
185 2323 331 2370 Aprilis
357 2331 446 2368 1555
470 2323 645 2370 pontifex
670 2324 862 2359 maximus
887 2324 1092 2359 Marcellus
1117 2323 1276 2359 Cervini
1301 2325 1450 2359 electus
1475 2328 1600 2366 esset,
1626 2333 1769 2367 magna

138 2382 319 2419 omnibus
330 2382 442 2418 bonis
456 2382 601 2418 affulsit
614 2394 703 2429 spes
717 2383 955 2429 reipublicae
967 2382 1200 2418 christianae
1214 2394 1236 2418 a
1248 2383 1468 2429 corruptela
1479 2393 1627 2417 morum
1642 2380 1765 2416 vindi-

137 2441 296 2477 candae.
313 2442 362 2477 Et
380 2441 518 2476 merito
535 2440 706 2487 quidem.
726 2441 770 2476 Id
788 2441 891 2476 enim
910 2440 1083 2476 Marcelli
1096 2440 1316 2487 integritas,
1330 2440 1428 2475 fides
1443 2445 1482 2475 et
1496 2451 1612 2474 aurea
1626 2439 1771 2484 virtus,

137 2500 176 2536 id
193 2506 275 2536 tota
292 2500 395 2536 illius
413 2505 504 2535 ante
522 2505 608 2535 acta
625 2499 720 2545 vita,
739 2500 779 2535 in
796 2511 871 2547 qua
894 2499 1095 2546 religionis
1113 2511 1157 2535 ac
1180 2499 1407 2546 disciplinae
1433 2498 1606 2534 ediderat
1630 2509 1770 2533 monu—

135 2565 267 2596 menta
285 2559 465 2605 maxima,
480 2559 785 2606 persuadebant.
808 2558 937 2605 Quod,
957 2558 1113 2594 tametsi
1136 2558 1176 2594 in
1193 2563 1392 2606 comperto
1415 2557 1516 2604 apud
1534 2568 1667 2592 omnes
1685 2562 1769 2601 est„

129 2619 242 2665 juvat
259 2624 390 2655 tamen
407 2618 625 2654 confirmari
644 2617 866 2653 testimonio
884 2616 1049 2655 Oliverii
1067 2618 1252 2663 Manarei3
1271 2629 1319 2653 ex
1342 2629 1418 2664 quo
1436 2616 1625 2663 quaedam
1643 2617 1766 2651 etiam

132 2678 181 2713 ad
209 2677 331 2724 ipsius
360 2677 555 2725 pontificis
586 2677 818 2713 electionem
844 2676 1044 2712 discimus.
1070 2676 1226 2712 Etenim
1251 2688 1340 2712 cum
1366 2677 1527 2711 Romam
1554 2675 1760 2711 cardinalis

132 2737 292 2773 Cervini
309 2741 462 2784 peteret
478 2736 528 2772 ad
544 2746 687 2772 novum
704 2735 927 2782 pontificem
950 2735 1174 2781 creandum,
1199 2736 1406 2772 Lauretum
1432 2734 1606 2779 divertit,
1626 2734 1759 2782 ibique

133 2796 195 2831 «in
213 2807 323 2831 sacra
340 2795 437 2831 aede
455 2796 500 2831 B.
520 2795 694 2841 Virginis
712 2794 964 2830 annuntiatae
982 2806 1156 2830 sacrum»
1174 2793 1269 2830 fecit
1288 2799 1350 2829 «et
1378 2805 1462 2829 me»
1482 2793 1606 2839 inquit
1629 2794 1767 2830 Mana-

130 2865 235 2900 reus,
255 2866 354 2901 «quo
371 2866 465 2890 usus
480 2853 608 2891 fuerat
625 2854 888 2900 Confessario,
906 2859 1119 2901 precatore,
1135 2853 1291 2890 Sacram
1309 2852 1590 2889 Eucharistiam
1606 2853 1666 2888 bis
1683 2845 1766 2889 fra-

132 2913 257 2949 tribus
275 2913 418 2949 nostris
435 2913 704 2949 distribuerat.
733 2914 777 2948 In
797 2914 919 2948 altero
938 2912 1022 2959 ejus
1040 2924 1150 2948 sacro
1171 2924 1194 2948 a
1211 2912 1406 2949 nonnullis
1426 2911 1509 2946 visa
1531 2917 1591 2946 est
1614 2913 1759 2948 nostris

136 2978 175 3007 et
193 2972 278 3007 aliis
296 2973 476 3007 columba
492 2972 655 3008 candida
680 2972 847 3007 volitans
865 2971 966 3007 circa
984 2972 1127 3017 oblata,
1147 2983 1262 3019 quam
1279 2983 1367 3006 curn
1386 2970 1623 3011 Sacellanus,
1645 2971 1681 3006 ei
1698 2982 1759 3006 as-

135 3030 295 3077 sistens,
314 3031 461 3066 veritus
478 3043 527 3066 ne
544 3031 704 3066 calicem
725 3031 956 3075 effunderet,
974 3042 1088 3066 manu
1105 3030 1301 3077 depellere
1321 3034 1502 3075 tentaret,
1516 3028 1624 3065 dedit
1642 3042 1764 3066 manu.

311 3095 504 3124 Emsromm
523 3095 668 3131 MxxrAss,
693 3103 768 3124 rom.
789 3102 838 3124 iv.
1509 3093 1545 3122 38
