2060 3432
799 237 846 264 20
869 227 1134 264 SEPTELOERIS
1161 235 1251 273 1555
1726 224 1797 270 857

946 481 1100 522 1034

767 582 1055 622 ARNOLDUS
1081 582 1274 620 HEZIUS

524 681 709 725 PATRI
741 680 1026 724 ADRIANO
1059 678 1528 724 ADRIAENSSENS

621 795 891 824 CULENBoRm
915 795 962 822 20
986 793 1245 822 snprssussms
1274 793 1364 831 1555
1393 787 1423 821 ¹.

206 882 396 919 Proximis
414 881 481 919 dat
503 893 660 930 operam
685 893 774 918 cum
801 893 941 928 magno
966 881 1181 918 animorum
1206 882 1317 917 lucru
1342 885 1383 917 et
1406 879 1718 927 gaudio.—Acta
1744 891 1768 916 a
1793 892 1837 917 se

386 940 842 988 commemorem—Quid
859 940 1033 977 nonnulli
1049 940 1222 987 garriant
1237 939 1287 976 de
1305 939 1504 976 Societate
1522 940 1638 987 Jesu.

1006 1034 1029 1070 ,Γ

968 1072 1067 1129 Jhs.

300 1181 396 1223 Pax
412 1178 489 1222 X.i
515 1192 620 1222 cum
637 1177 846 1221 omnibus
862 1177 1008 1221 nobis.
1023 1178 1135 1223 Rde.
1156 1176 1203 1220 in
1218 1176 1306 1221 X.⁰
1322 1179 1471 1221 Pater.
1490 1176 1666 1222 Literas
1683 1178 1740 1222 V.
1759 1179 1835 1231 Ρ.,

210 1267 234 1312 5
259 1255 536 1312 Septembris
556 1254 762 1312 scriptas,
782 1254 1053 1312 accepimus,
1073 1269 1205 1310 quae,
1226 1254 1435 1311 quamuis
1451 1254 1608 1310 paucis
1623 1254 1834 1311 scriptae,

207 1334 401 1377 multum
424 1340 575 1377 tamen
600 1331 754 1375 multis
782 1331 938 1389 gaudii
966 1332 1173 1376 attulere.
1206 1332 1351 1376 Valde
1377 1332 1637 1375 consolatus
1665 1339 1735 1375 est
1755 1332 1839 1375 do-

207 1410 357 1454 minus
377 1411 578 1453 decanus
598 1410 614 1431 ²
637 1416 683 1453 et
711 1409 894 1452 domina
923 1415 1077 1452 nostra
1105 1408 1389 1465 Culenburgi
1419 1422 1524 1451 cum
1554 1408 1736 1452 domina
1758 1423 1837 1452 co-

204 1487 377 1531 mitissa
399 1488 776 1539 Hoechstratana,
803 1500 920 1545 quae
941 1485 1053 1529 nihil
1082 1493 1231 1531 tamen
1258 1485 1492 1530 sciuerunt
1513 1485 1572 1530 de
1592 1485 1839 1542 superiori—

205 1564 291 1608 bus
311 1563 452 1608 literis
474 1564 532 1607 V.
559 1565 632 1616 Ρ.,
662 1562 961 1606 tractantibus
988 1561 1045 1606 de
1072 1577 1173 1606 meo
1196 1562 1341 1606 reditu
1365 1577 1470 1606 cum
1493 1562 1698 1618 pluribus
1719 1562 1833 1616 aliis;

205 1641 371 1697 quibus
398 1639 610 1684 dominus
637 1640 838 1683 decanus
866 1639 1040 1697 aperuit
1067 1655 1138 1683 me
1164 1654 1258 1684 non
1279 1640 1445 1684 debere
1467 1639 1573 1682 hinc
1595 1639 1833 1692 decedere,

203 1717 290 1761 nisi
311 1717 477 1774 apertis
498 1716 638 1760 literis
660 1716 947 1761 reuocaueris
975 1731 1064 1770 me,
1088 1723 1177 1761 etc.
1210 1715 1434 1760 Libellum
1464 1730 1669 1760 summae
1688 1715 1835 1759 virtu-

204 1800 300 1838 tum
316 1801 362 1838 et
385 1793 594 1837 vitiorum
616 1808 708 1837 non
729 1793 899 1850 accepi,
931 1800 978 1838 et
1003 1792 1116 1836 dixit
1143 1793 1338 1836 nuncius
1366 1808 1416 1838 se
1444 1792 1557 1835 nihil
1585 1792 1830 1849 accepisse.

203 1870 370 1916 Scribit
399 1885 526 1914 soror
553 1871 610 1915 V.
644 1872 718 1924 Ρ.,
749 1870 981 1923 Cornelia,
1014 1878 1060 1916 te
1091 1869 1268 1914 misisse
1295 1880 1401 1915 ante
1430 1877 1534 1914 octo
1562 1869 1682 1923 dies,
1713 1869 1836 1925 quod

204 1947 363 1991 fuisset
383 1948 469 1991 sub
491 1948 627 1992 finem
650 1947 868 2004 Augusti,
893 1947 1061 2000 literas,
1087 1948 1166 1992 sed
1188 1947 1300 1990 nihil
1321 1947 1492 2004 accepi:
1513 1946 1623 2003 quid
1639 1946 1833 2003 scripse-

203 2023 279 2077 ris,
304 2025 377 2069 vel
398 2038 478 2081 per
499 2038 633 2080 quem
654 2024 818 2068 missae
839 2023 946 2077 sint,
971 2024 1151 2081 ignoro.

290 2100 569 2157 Ampliorem
590 2108 782 2157 expecto
805 2101 1144 2158 responsionem
1172 2115 1344 2156 earum,
1369 2114 1487 2158 quae
1508 2099 1683 2157 scripsi;
1708 2099 1834 2143 simi-

275 2269 286 2290 ²
335 2268 394 2302 Ex
411 2267 650 2313 autographo
667 2266 708 2303 in
724 2267 802 2302 vol.
821 2267 867 2313 F,
885 2265 1031 2313 duplici
1048 2265 1155 2309 folio,
1175 2278 1219 2302 n.
1241 2266 1303 2313 61,
1321 2265 1428 2314 prius
1445 2265 1530 2312 339,
1548 2264 1636 2311 340.

271 2328 286 2348 ²
337 2327 453 2361 «Erat
470 2325 510 2361 in
533 2325 675 2372 oppido
691 2325 873 2372 quodam,
900 2324 1056 2360 nomine
1081 2325 1373 2372 Chutenbereh,
1397 2325 1568 2360 decanus
1586 2323 1742 2372 quidam
1765 2323 1832 2360 do-

197 2390 285 2421 ctus
319 2390 359 2420 et
392 2396 529 2431 senex,
562 2385 629 2432 qui
662 2384 878 2431 spiritualia
910 2384 1098 2420 exercitia
1131 2384 1338 2432 aliquando
1372 2386 1421 2420 ab
1455 2384 1540 2431 ipso
1570 2384 1617 2419 P.
1659 2383 1831 2419 Adriano

197 2442 515 2489 [Adriaenssens]
548 2447 774 2489 acceperat,
809 2447 850 2478 et
884 2453 1024 2488 magno
1053 2442 1197 2478 affectu
1226 2442 1465 2479 Societatem
1495 2443 1822 2490 amplectebatur.

199 2502 378 2549 Injuncta
400 2501 458 2538 illi
482 2501 624 2548 fuerat,
647 2500 930 2549 quodammodo
959 2501 1099 2547 invito,
1130 2501 1343 2538 animarum
1367 2513 1459 2538 cura
1489 2501 1573 2548 ejus
1604 2501 1724 2537 loci...
1756 2501 1832 2537 Hic

201 2561 313 2597 valde
330 2561 473 2597 obnixe
488 2562 753 2608 postulaverat
770 2565 814 2595 ut
829 2559 1052 2607 aliquandiu
1068 2560 1171 2608 apud
1188 2560 1315 2608 ipsum
1333 2566 1508 2596 maneret
1528 2560 1684 2608 quidam
1706 2571 1832 2596 sacer-

197 2619 284 2664 dos,
314 2619 469 2655 nomine
506 2619 719 2666 Jordanus,
755 2619 822 2666 qui
856 2618 1043 2654 Societati
1075 2619 1246 2655 animum
1279 2620 1585 2667 applicaverat...
1619 2618 1832 2655 Consultus

199 2678 247 2714 P.
266 2678 455 2725 Ignatius,
470 2678 624 2714 censuit
638 2690 727 2714 eum
741 2678 904 2713 Romam
922 2689 1010 2714 esse
1024 2677 1272 2725 mittendum,
1286 2690 1374 2714 cum
1392 2679 1498 2714 nulla
1511 2677 1751 2725 probationis
1765 2676 1833 2713 do-

200 2749 299 2780 mus,
318 2749 391 2773 nec
413 2737 622 2773 formatum
644 2736 854 2783 collegium
880 2737 920 2772 in
943 2736 1020 2772 illis
1044 2737 1271 2784 regionibus
1295 2743 1388 2773 tunc
1413 2742 1564 2773 esset...
1595 2736 1723 2782 Hujus
1746 2737 1832 2773 loco

198 2808 293 2843 ergo
310 2796 449 2844 aliquis
466 2808 516 2832 ex
533 2797 676 2833 nostris
694 2796 749 2832 illi
766 2796 914 2832 decano
930 2796 979 2831 ad
998 2801 1151 2844 tempus
1174 2796 1465 2833 submittendus
1491 2800 1590 2842 erat,
1613 2795 1679 2843 qui
1703 2796 1831 2831 locum

198 2855 374 2902 magistri
390 2855 550 2902 Jordani
572 2857 790 2903 suppleret.
821 2855 964 2891 Missus
990 2860 1051 2891 est
1076 2866 1169 2902 ergo
1195 2856 1244 2892 P.
1276 2855 1470 2891 Arnoldus
1496 2855 1726 2890 Hezeus...»
1752 2854 1833 2890 Po·

198 2923 353 2960 LANGO,
373 2919 407 2950 t.
430 2923 471 2960 v,
490 2926 578 2962 pag.
598 2924 682 2962 292,
701 2914 783 2961 293,
798 2926 840 2950 n.
860 2922 945 2961 797,
958 2913 1042 2960 798.
1059 2914 1159 2950 Vide
1173 2919 1327 2950 caetera
1340 2914 1442 2962 apud
1457 2913 1639 2959 eundem,
1655 2913 1683 2949 l.
1698 2925 1747 2956 c.,
1763 2914 1832 2949 ubi

195 2974 292 3009 haec
309 2973 515 3010 adhibetur
532 2974 710 3022 epistola,
729 2973 1043 3010 annotationibus
1059 2973 1264 3010 illustrata.
1290 2973 1357 3010 Cf.
1390 2973 1485 3009 Litt.
1512 2974 1698 3018 Quadr„
1724 2978 1754 3009 t.
1772 2981 1831 3019 111,

199 3044 293 3080 pag.
314 3032 490 3079 632-634.
