2080 3536
325 256 368 283 10
942 258 1000 285 AD
1024 257 1254 285 LECTOREM

276 361 302 392 2
327 350 474 406 Aug.,
506 362 556 406 17
583 352 728 408 Sept.,
761 362 810 407 15
836 352 962 404 Oct.,
987 363 1032 405 4,
1060 362 1116 406 23
1139 352 1257 395 Nov.
1288 362 1414 406 1554,
1446 352 1475 395 6
1495 354 1619 410 Jan.,
1653 364 1709 395 20
1735 352 1865 409 Apr.,
1887 365 1921 407 4

278 426 386 482 Maj.
419 437 546 483 1555,
572 435 657 473 ete.

368 505 538 548 Verum
561 520 653 548 non
671 504 741 558 iis,
762 505 1056 561 quantumvis
1077 504 1256 562 magnis
1278 511 1324 549 et
1344 505 1391 548 in
1413 506 1581 561 majora
1598 505 1798 562 quotidie
1815 513 1918 550 ten-

281 580 511 635 dentibus,
536 589 752 627 contenta
775 582 995 636 Societas,
1017 582 1277 626 missionem
1300 582 1613 638 aethiopicam,
1645 597 1755 640 rege
1781 584 1917 627 Lusi—

283 657 432 702 taniae
453 672 552 702 eam
592 666 904 715 promovente,
945 674 1164 716 aggressa
1200 665 1285 712 est,
1325 659 1381 702 de
1403 673 1492 714 qua
1528 659 1747 716 scripsere
1774 662 1917 705 multa

281 734 439 788 nostri,
465 750 581 791 quae
604 737 775 780 referre
797 751 888 779 non
909 744 1055 779 vacat.
1082 735 1323 792 Designati
1347 742 1453 779 sunt
1474 737 1530 779 de
1546 736 1709 793 Ignatii
1730 745 1915 783 senten-

282 810 342 854 tia
358 813 559 869 Joannes
582 814 741 857 Nunes
760 814 964 867 Barreto,
986 811 1255 868 Aethiopiae
1271 812 1538 868 patriarcha:
1564 813 1781 857 Melchior
1802 815 1916 858 Car-

282 887 409 932 neiro
431 903 484 932 ac
506 890 714 934 Andreas
736 891 792 934 de
815 889 1011 941 Oviedo,
1032 888 1245 944 episcopi,
1266 889 1546 945 patriarchae
1562 889 1609 932 in
1630 904 1713 933 suo
1731 897 1919 936 munere

282 978 586 1010 successores.
620 967 770 1022 Quam
799 964 1159 1021 designationem
1186 965 1388 1021 pontifex
1420 965 1656 1019 maximus,
1682 973 1733 1009 ut
1757 974 1916 1010 notum

282 1048 368 1094 est,
393 1049 533 1086 ratam
557 1042 717 1085 habuit
738 1042 1049 1098 probavitque.
1077 1043 1181 1085 Non
1209 1049 1278 1086 est
1305 1056 1387 1084 cur
1408 1042 1482 1086 hic
1504 1042 1680 1086 dicatur
1707 1042 1915 1098 quisnam

286 1118 421 1161 fuerit
442 1119 715 1163 christianae
736 1117 1003 1161 humilitatis
1021 1132 1182 1161 sensus
1199 1118 1655 1175 praeclarissimorum
1671 1121 1833 1163 horum
1846 1119 1916 1163 vi-

284 1210 451 1239 rorum:
485 1203 699 1251 quantam
729 1195 1010 1239 ostenderint
1038 1195 1189 1239 omnia
1215 1196 1517 1252 perpetiendi,
1558 1211 1647 1252 qua
1678 1198 1912 1251 ardebant,

284 1271 419 1326 sitim;
456 1287 544 1327 qua
576 1273 758 1317 demum
791 1271 927 1315 animi
958 1272 1212 1316 constantia
1244 1272 1405 1316 oblatis
1438 1274 1555 1317 ultro
1586 1274 1836 1317 honoribus
1862 1289 1915 1318 ac

282 1349 492 1405 dignitati
514 1349 815 1406 amplissimae
846 1349 1108 1395 restiterint.
1145 1350 1234 1406 Ipsi
1262 1349 1357 1394 suis
1387 1350 1548 1394 litteris
1571 1350 1616 1394 id
1639 1350 1917 1407 posteritatis

280 1425 526 1470 memoriae
558 1425 867 1482 prodiderunt,
909 1427 935 1470 6
965 1428 1097 1483 Apr.,
1134 1428 1186 1470 16
1213 1429 1341 1485 Jun.,
1382 1440 1428 1471 11
1467 1428 1612 1484 Sept.,
1651 1440 1707 1485 29
1744 1429 1917 1472 Oct.—

282 1503 542 1556 Caeterum,
568 1517 671 1546 cum
703 1504 944 1548 lectissima
972 1504 1200 1548 sociorum
1228 1519 1382 1557 mann,
1408 1504 1630 1549 cervicem
1656 1490 1773 1562 jugo
1805 1505 1916 1550 obe-

282 1579 477 1623 dientiae
495 1580 828 1634 submittentes,
854 1595 944 1637 quo
967 1581 1325 1634 destinabantur,
1352 1582 1600 1626 solverunt.

372 1657 418 1711 b)
478 1658 581 1700 Non
597 1658 706 1701 satis
722 1665 818 1701 erat
833 1658 1025 1715 Ignatio,
1044 1658 1224 1703 divinae
1241 1658 1413 1715 gloriae
1427 1658 1766 1715 amplificandae
1785 1658 1916 1702 unice

284 1732 478 1786 intento,
504 1735 681 1791 magnis
703 1735 992 1780 incrementis
1020 1742 1198 1779 auctam
1225 1750 1353 1779 suam
1382 1750 1481 1779 esse
1509 1734 1799 1788 Societatem,
1830 1734 1917 1779 nisi

286 1810 420 1853 simul
441 1827 539 1855 eam
561 1812 747 1856 vidisset
769 1812 949 1869 optimis
970 1812 1170 1856 moribus
1190 1813 1426 1857 florentem
1453 1827 1505 1855 ac
1533 1812 1789 1856 firmissimo
1810 1827 1919 1856 san-

286 1895 461 1931 ctarum
488 1889 642 1945 legum
680 1889 902 1945 praesidio
939 1889 1277 1933 communitam.
1318 1890 1416 1933 Nec
1446 1889 1565 1932 enim
1602 1889 1918 1945 praesentibus

289 1971 480 2019 tantum,
500 1967 580 2010 sed
599 1966 762 2010 futuris
779 1966 913 2010 etiam
931 1967 1014 2023 ipsi
1029 1966 1355 2023 providendum
1368 1965 1468 2009 fuit.
1490 1967 1660 2022 Quare,
1677 1973 1729 2008 ut
1745 1966 1916 2009 dictum

285 2048 369 2094 est,
395 2043 619 2096 Natalem,
646 2045 1025 2098 quemadmodum
1048 2043 1152 2087 olim
1177 2042 1285 2098 15'52
1304 2043 1350 2086 in
1369 2042 1584 2095 Siciliam,
1606 2043 1670 2086 sic
1687 2042 1918 2099 superiore

257 2125 404 2162 ‘anno
433 2119 479 2161 in
511 2119 790 2178 Lusitaniam
820 2129 866 2165 et
896 2120 1163 2177 Hispaniam
1191 2119 1327 2173 misit,
1359 2120 1436 2176 qui
1465 2119 1825 2163 Constitutiones
1861 2119 1918 2162 ab

286 2196 464 2252 Ignatio
486 2196 691 2241 conditas
708 2199 1032 2255 promulgaret.
1055 2198 1199 2253 Cujus
1211 2196 1590 2254 promulgationis
1619 2197 1794 2239 fructus
1822 2203 1917 2239 sta-

288 2272 367 2315 tim
391 2273 613 2329 apparuit,
652 2274 690 2316 si
719 2274 901 2330 quidem
924 2274 970 2317 in
992 2273 1275 2331 paratissimo
1303 2287 1414 2330 agro
1436 2274 1606 2316 bonum
1643 2288 1799 2317 semen
1835 2287 1917 2316 ex-

292 2356 489 2406 ceptum.
516 2351 658 2406 quue
679 2351 844 2407 passim
867 2351 1084 2408 epistolae
1106 2365 1242 2407 supra
1262 2351 1470 2393 laudatae
1493 2356 1732 2393 testantur.

379 2428 471 2470 Sed
505 2427 616 2469 nihil
652 2442 708 2471 ex
744 2427 813 2480 iis,
855 2443 971 2484 quae
1008 2428 1054 2471 in
1089 2429 1176 2471 hoc
1212 2426 1441 2470 volumine
1473 2426 1779 2478 continentur,
1805 2426 1920 2470 adeo

291 2503 525 2559 splendide
541 2504 754 2560 patefacit
776 2513 994 2560 quantum
1017 2504 1141 2548 cordi
1163 2503 1297 2549 fuerit
1314 2491 1490 2560 Ignatio
1506 2510 1663 2547 sancta
1678 2517 1732 2545 ac
1747 2502 1919 2546 illibata

290 2581 528 2637 religiosae
549 2581 810 2638 disciplinae
831 2581 1051 2635 custodia,
1077 2596 1211 2638 quam
1228 2580 1448 2637 judicium
1477 2581 1533 2623 de
1561 2580 1746 2624 Simone
1767 2580 1917 2623 Rode—

289 2657 412 2710 ricio,
432 2660 603 2702 Romae
615 2659 735 2713 apud
751 2658 897 2715 ipsum
915 2659 1186 2702 institutum.
1204 2657 1382 2702 Etenim
1400 2657 1610 2713 quoniam
1630 2655 1913 2708 Rodericius,

289 2733 366 2790 qui
382 2734 603 2779 lusitanae
625 2735 884 2792 provinciae
904 2737 1176 2792 praefuerat,
1206 2735 1430 2778 «delatum
1463 2748 1512 2778 se
1544 2749 1622 2790 per
1645 2732 1916 2777 calumniam

288 2802 585 2866 querebatur,
618 2812 767 2855 visum
807 2819 876 2856 est
902 2812 1075 2869 Ignatio
1112 2812 1169 2855 ad
1196 2810 1469 2856 excidendas
1491 2809 1842 2867 perturbationis
1870 2808 1917 2851 in

290 2893 522 2943 posterum
551 2903 728 2941 causas,
760 2904 945 2933 suarum
972 2904 1073 2934 esse
1099 2888 1293 2945 partium
1321 2887 1562 2944 praeterita
1590 2902 1679 2930 non
1694 2885 1916 2943 *neglige-

292 2979 362 3007 re:
394 2965 602 3020 datisque
639 2982 664 3010 e
703 2967 1017 3010 Professorum
1054 2981 1244 3011 numero
1282 2964 1507 3008 iudicibus
1544 2964 1735 3020 aliquot,
1776 2977 1917 3019 quae-

293 3040 486 3086 stionem
514 3041 568 3085 iis
596 3044 652 3086 de
674 3045 811 3087 rebus
832 3044 1028 3098 institui,
1064 3058 1156 3087 non
1185 3041 1367 3095 forensi,
1398 3043 1478 3085 sed
1505 3041 1716 3099 religioso
1737 3039 1843 3093 ritu,
1868 3039 1916 3082 in
