2034 3476
360 290 429 317 212
706 319 709 327 ,
861 281 1100 318 EPISTOLAE
1126 279 1416 317 M1x‘rAE-818

306 383 445 440 legge
468 397 529 425 un
548 384 693 438 pocho
714 382 759 425 di
776 381 1048 427 rhethorica:
1075 382 1100 426 e
1122 381 1239 426 assai
1261 388 1472 438 prouetto
1494 382 1599 425 nell’
1620 380 1871 434 humanita,
1896 388 1948 425 et

307 463 367 504 ha
394 461 586 516 qualche
617 459 838 516 principio
865 459 910 503 di
942 473 1096 517 greco,
1122 466 1168 504 et
1196 458 1260 516 gli
1288 459 1388 503 suoi
1410 459 1604 503 scholari
1632 458 1696 516 gli
1725 458 1950 515 uogliono

307 539 447 581 molto
469 538 601 582 bene.
741 584 743 586 ,

396 617 457 658 Μ.
485 614 593 658 Gio.
614 614 867 667 Anthonio‚
893 629 1167 667 messanese,
1195 613 1238 658 fa
1258 615 1370 657 hora
1390 614 1433 657 la
1454 614 1598 657 classe
1618 613 1664 655 di
1687 615 1747 657 M.
1771 615 1949 659 Dome-·

305 692 456 735 nichoz
482 699 553 735 sta
580 693 697 736 bene
726 692 799 734 del
830 705 968 747 corpo
990 698 1034 735 et
1063 692 1182 735 dello
1210 690 1383 747 spirit03
1415 690 1590 734 camina
1612 691 1745 744 bene;
1777 691 1803 734 e
1824 690 1942 734 assai

305 777 515 827 prouetto
537 770 611 813 nel
633 768 773 813 latino
806 776 851 813 et
873 769 947 813 nel
976 782 1131 825 greco,
1157 774 1203 813 et
1227 783 1286 812 ua
1315 767 1510 811 tuttauia
1538 767 1782 811 studiando
1803 781 1949 824 greco
2016 815 2020 818 ,

305 848 487 903 quando
509 862 567 904 po
587 849 744 890 hauer'
771 853 939 902 tempo.

394 927 457 968 M.
494 924 715 968 Michaele
747 922 925 978 Vignez
956 929 1027 967 sta
1057 923 1206 967 fiacho
1236 923 1310 966 del
1347 936 1485 978 corpo
1512 929 1558 966 et
1591 921 1943 966 ualetudinario::

301 1001 560 1046 dell’anima
576 1008 646 1044 sta
661 1002 794 1053 bene,
814 1001 978 1043 bench’
998 999 1065 1043 sia
1082 1000 1296 1043 tribulato
1314 998 1420 1043 dalli
1437 998 1644 1055 scropoli.
1671 999 1775 1042 Non
1794 998 1941 1055 impa-

303 1094 352 1123 ra
380 1078 548 1130 niente,
580 1079 733 1134 perch'
759 1091 851 1120 non
880 1090 989 1133 pare
1015 1076 1082 1120 sia
1113 1076 1158 1120 di
1187 1076 1334 1120 sanita
1362 1092 1441 1133 per
1469 1076 1685 1122 studiare:
1718 1079 1775 1121 ha
1802 1077 1947 1134 pochi

303 1155 506 1212 principij
531 1155 576 1198 di
598 1154 895 1212 grammatica
916 1161 962 1198 et
983 1156 1129 1211 pocho
1153 1155 1462 1198 fondamento.

392 1234 427 1276 Il
448 1233 623 1275 fratello
646 1232 837 1276 Alberto
864 1233 873 1253 ¹
900 1232 944 1274 fa
965 1232 1008 1275 la
1029 1238 1152 1275 terza
1174 1232 1335 1284 classe,
1360 1232 1480 1276 doue
1502 1232 1639 1288 legge
1661 1231 1707 1275 di
1729 1233 1939 1289 Despau-

304 1309 433 1370 terio,
460 1317 506 1353 et
533 1310 650 1354 delle
678 1309 755 1365 piu
785 1309 914 1353 facile
944 1309 1134 1366 epistole
1161 1309 1207 1352 di
1237 1308 1474 1353 Cicerone.
1507 1309 1593 1352 Lui
1622 1316 1691 1352 sta
1720 1310 1838 1354 bene
1864 1310 1939 1354 del

302 1401 457 1444 corpo:
484 1387 602 1430 dello
629 1386 788 1443 spirito
816 1401 908 1430 non
930 1386 991 1429 mi
1013 1401 1064 1430 so
1093 1400 1371 1444 cognoscere
1397 1386 1444 1429 in
1466 1386 1544 1439 lui,
1575 1388 1729 1443 perch'
1754 1387 1936 1442 qualch‘

302 1465 426 1508 uolta
447 1464 509 1507 mi
530 1479 637 1520 pare
657 1465 827 1517 buono,
855 1465 1034 1519 qualch'
1056 1465 1181 1507 uolta
1201 1464 1262 1507 mi
1280 1478 1387 1520 pare
1407 1463 1740 1508 disedificatino
1762 1464 1837 1507 nel
1853 1478 1945 1508 suo

301 1542 436 1586 modo
453 1542 510 1586 de
526 1542 770 1598 procedere
787 1548 832 1585 et
849 1540 956 1585 nelli
973 1540 1109 1598 gesti.
1136 1541 1222 1585 Lui
1244 1543 1304 1584 ha
1320 1540 1548 1586 mediocre
1569 1540 1727 1594 latino,
1748 1556 1822 1585 ma
1842 1556 1935 1585 non

300 1625 461 1675 troppo
483 1632 659 1662 securo.

388 1696 452 1740 M.
480 1695 623 1738 Paulo
645 1696 689 1738 sa
709 1695 752 1738 13
774 1701 935 1750 quarta
955 1695 1115 1748 classe,
1136 1695 1255 1738 doue
1276 1694 1469 1751 insegna
1489 1695 1532 1740 16
1552 1695 1873 1739 concordantie
1890 1703 1937 1740 et

299 1772 364 1830 gli
401 1771 605 1828 principij
645 1772 762 1816 delle
798 1771 953 1828 regole
984 1770 1030 1814 di
1062 1771 1373 1828 grammatica.
1414 1773 1495 1816 Sta
1525 1773 1643 1816 bene
1673 1772 1747 1817 del
1777 1787 1937 1830 corpo:

299 1849 541 1894 dellanima
571 1863 679 1905 pare
710 1848 924 1891 caminar'
949 1847 1098 1905 piano,
1134 1854 1179 1893 et
1210 1847 1392 1891 difficile
1423 1849 1468 1891 di
1499 1849 1799 1893 mortificarsi.
1831 1851 1939 1894 Vno

298 1927 355 1970 de
381 1925 529 1982 questi
559 1927 619 1977 di,
650 1924 865 1981 dandogli
893 1926 955 1968 M.
986 1924 1239 1980 Desyderio
1262 1940 1352 1968 una
1372 1925 1639 1981 penitentia,
1667 1925 1731 1982 gli
1761 1925 1941 1983 rispose

296 2005 371 2047 ch'
395 2018 487 2046 non
509 2004 689 2046 haueua
709 2001 898 2054 charita,
924 2007 970 2044 et
992 2003 1064 2044 ch’
1090 2016 1181 2044 non
1200 2002 1379 2047 uolleua
1400 2002 1478 2058 piu
1499 2003 1640 2047 lauar’
1660 2004 1703 2047 le
1724 2004 1929 2057 scutelle,

295 2081 447 2138 perch’
467 2079 531 2137 gli
549 2081 647 2124 fece
663 2079 803 2122 lauar’
821 2079 864 2121 le
884 2079 1073 2122 scutelle
1095 2080 1158 2123 M.
1179 2078 1430 2135 Desyderio
1451 2080 1602 2123 alcuni
1619 2079 1767 2137 giorni
1784 2081 1940 2138 doppo

294 2172 459 2216 pranso
480 2164 526 2201 et
549 2171 675 2201 cena.
701 2153 865 2212 D'oppo
887 2155 950 2199 lui
973 2155 1010 2199 si
1033 2155 1329 2213 ricognobbe,
1349 2163 1396 2200 et
1412 2157 1591 2212 qualch'
1612 2158 1736 2201 uolta
1756 2160 1932 2202 ancho-

293 2251 343 2280 ra
363 2250 470 2293 pare
491 2236 644 2278 buono
673 2239 719 2278 et
746 2232 960 2290 semplice
982 2234 1014 2276 ².
1042 2233 1126 2277 Lui
1148 2235 1208 2277 ha
1227 2233 1368 2277 buoni
1395 2234 1601 2291 principij
1633 2234 1677 2277 di
1701 2249 1929 2291 gramma-

293 2312 397 2366 tica,
422 2319 469 2356 et
489 2313 515 2355 6
536 2310 755 2363 studioso,
781 2317 827 2353 et
849 2311 1025 2366 qualch'
1050 2311 1174 2354 uolta
1195 2310 1258 2353 mi
1279 2325 1385 2367 pare
1408 2317 1568 2368 troppo
1589 2311 1851 2356 desideroso
1871 2313 1935 2356 de

292 2389 509 2434 studiare.

381 2467 414 2510 Il
437 2466 613 2511 fratello
643 2466 706 2509 M.
732 2465 940 2521 Gasparo
970 2466 1014 2508 fa
1036 2465 1078 2508 la
1100 2463 1303 2518 cuccina,
1335 2479 1416 2521 per
1438 2479 1530 2508 non
1552 2479 1703 2509 essere
1730 2467 1934 2510 anchora.

361 2615 373 2636 1
424 2614 610 2649 Albertus
625 2610 790 2647 Flander
806 2612 986 2647 «scholae
1002 2611 1156 2647 cuidam
1173 2615 1365 2658 praeerat,
1385 2616 1438 2655 et,
1459 2623 1548 2647 eum
1568 2611 1732 2647 Romam
1752 2613 1931 2649 venisset

287 2673 442 2720 hospite
460 2672 685 2718 insalutato,
709 2682 753 2706 ac
777 2670 906 2706 denuo
929 2671 1117 2707 remissus
1142 2675 1262 2714 esset,
1281 2670 1338 2706 sic
1362 2682 1405 2706 se
1428 2670 1569 2717 gessit,
1594 2675 1637 2706 ut
1661 2672 1932 2709 saecularibus

286 2733 445 2769 indutus
464 2731 642 2767 vestibus
660 2729 917 2766 dimittendus
935 2729 1093 2766 fuerit.»
1113 2730 1333 2776 POLANCO‚
1352 2735 1384 2765 t.
1409 2739 1464 2775 1V,
1485 2742 1573 2777 pag.
1597 2730 1677 2776 164,
1697 2743 1736 2767 n.
1755 2730 1842 2777 337.

358 2794 372 2814 Ξ
426 2792 519 2827 Litt.
543 2790 717 2836 Quadr„
737 2794 767 2825 t.
789 2798 845 2835 111,
866 2801 954 2836 pag.
972 2788 1055 2836 537,
1074 2798 1118 2834 27
1134 2788 1229 2835 Julii
1250 2797 1340 2834 1555
1359 2789 1487 2834 datae,
1503 2790 1598 2825 haee
1615 2790 1783 2826 tradunt:
1802 2790 1928 2827 «Cum

287 2863 337 2887 ex
363 2851 476 2887 nobis
497 2861 613 2886 sex...
644 2849 693 2884 de
717 2848 799 2884 uita
822 2848 1150 2895 periclitarentur,
1176 2859 1311 2883 omnes
1336 2853 1467 2884 tamen
1492 2854 1646 2895 praeter
1669 2861 1778 2896 spem
1803 2850 1925 2886 medi-

286 2922 418 2947 corum
435 2910 733 2952 conualuerunt,
753 2918 829 2942 uno
851 2908 983 2953 Paulo,
1003 2907 1123 2943 fratre
1136 2906 1378 2952 charissimo,
1395 2913 1576 2954 excepto,
1595 2907 1658 2943 cui
1676 2909 1924 2955 quemadmo-

286 2966 379 3002 dum
406 2968 514 3002 Deus
538 2966 636 3014 Opt.
668 2966 774 3001 Max.
804 2966 951 3013 aliquot
977 2966 1117 3002 diebus
1148 2971 1239 3002 ante
1270 2971 1434 3010 mortem
1464 2978 1607 3013 cupere
1635 2973 1674 3002 et
1700 2967 1927 3014 praesagire

285 3025 462 3072 dederat,
493 3025 549 3060 sic
578 3030 761 3061 aeternae
791 3025 897 3061 uitae
916 3025 1169 3061 foelicitatem
1194 3024 1350 3060 dedisse
1374 3025 1584 3061 eredimus.
1600 3038 1616 3059 υ
1642 3025 1770 3072 Hujus
1792 3026 1927 3063 fratris

285 3096 504 3131 cognomen
523 3096 652 3132 neque
671 3085 864 3120 Polancus
883 3084 1021 3132 aperit.
