2060 3450
329 255 398 292 594
825 247 1063 283 EPISTOLAE
1088 247 1376 293 MIXTAE-949

278 349 395 391 sima
416 347 461 391 di
483 358 600 401 esso,
625 355 671 393 et
692 362 742 393 se
762 348 804 391 le
826 347 941 404 parti
962 347 1039 404 piu
1061 349 1279 391 honorate
1301 362 1394 391 non
1414 348 1618 392 schifano
1641 349 1683 394 16
1699 349 1814 405 parti
1830 349 1909 406 piu

276 424 491 481 ignobili,
529 432 575 469 et
597 439 730 468 meno
756 426 971 477 honeste,
1002 423 1103 467 anci
1125 424 1167 466 16
1187 425 1484 468 accumulano
1505 425 1550 467 d’
1574 426 1766 480 honore;
1791 434 1837 471 et
1858 441 1908 471 se

280 503 535 556 Pharaone,
560 516 608 546 re
629 502 673 544 d’
698 503 931 558 Aegypto,
956 515 1048 543 non
1069 500 1270 557 sprezzo,
1295 500 1397 544 anci
1418 502 1565 546 hebbe
1586 509 1717 559 grato
1743 502 1774 546 il
1795 518 1907 547 con-

277 578 412 635 siglio
433 580 505 622 del
526 578 712 622 schiauo
729 579 943 636 Josepho,
963 584 1009 620 et
1026 578 1168 630 Mose,
1189 578 1362 634 grande
1378 577 1586 634 capitano
1601 579 1658 622 de
1679 579 1783 634 Dio,
1803 581 1908 636 quel

278 655 336 700 de
350 657 509 714 Jethro
527 654 788 706 Madianita,
813 654 1006 699 essendo
1027 653 1233 710 consiglij
1258 653 1500 710 pertinenti
1518 655 1561 698 al
1576 655 1693 700 bene
1708 656 1905 713 publico;

277 747 370 776 non
391 733 582 789 pensaro
598 732 673 789 gia
689 731 732 775 io
756 732 1063 789 (quantunche
1085 745 1218 788 posso
1240 731 1336 775 dire
1357 746 1457 775 com
1475 731 1706 777 Hieremia
1723 734 1782 787 A,
1801 748 1843 787 a,
1864 749 1905 788 a,

276 809 473 853 Domine
489 811 632 862 Deus,
646 822 753 853 ecce
770 808 923 852 nescio
939 807 1078 864 loqui,
1099 807 1204 863 quia
1220 823 1334 864 puer
1350 823 1438 865 ego
1454 808 1569 865 sum)
1591 811 1620 862 ¹,
1639 811 1724 854 che
1740 810 1771 853 11
1787 825 1909 855 nouo

274 900 450 930 sommo
488 884 724 942 pontifice,
758 884 927 928 vicario
959 885 1170 941 generale
1198 885 1255 928 de
1285 884 1430 929 Giesu
1466 885 1650 929 Christo
1686 886 1733 929 in
1771 893 1904 940 terra,

274 970 437 1019 puosto
460 977 539 1018 per
560 961 783 1018 essempio
810 962 854 1004 d'
886 960 1092 1004 humilita
1120 968 1166 1004 et
1192 961 1541 1006 mansuetudine
1567 963 1669 1006 nela
1696 964 1909 1007 cathedra

274 1054 379 1091 sua,
420 1039 486 1082 sia
513 1053 593 1094 per
620 1038 880 1095 sdegnarsi,
911 1032 941 1082 ov
965 1053 1045 1095 per
1073 1053 1332 1095 sprezzare,
1363 1053 1455 1081 non
1486 1038 1589 1082 dico
1623 1039 1654 1081 il
1684 1039 1908 1097 consiglio

265 1116 386 1170 mio,
411 1131 482 1158 ma
506 1116 534 1157 l'
560 1114 735 1158 ricordo
757 1115 801 1157 d'
829 1130 918 1159 uno
939 1129 1024 1158 suo
1053 1114 1224 1159 humile
1250 1122 1296 1158 et
1323 1114 1731 1160 affettionatissimo
1762 1117 1908 1161 serui-

275 1199 388 1245 tore,
414 1199 459 1235 et
481 1192 675 1235 maxime
696 1193 878 1247 quando
900 1191 937 1235 si
958 1192 1211 1244 recordara,
1232 1198 1401 1247 quanto
1424 1193 1543 1235 fosse
1565 1193 1674 1238 utile
1694 1194 1725 1236 l’
1749 1193 1907 1238 aduiso

274 1270 332 1312 de
367 1269 437 1312 soi
474 1268 594 1313 serui
624 1284 650 1312 a
682 1270 925 1321 Naamam,
957 1268 1159 1325 principe
1186 1270 1241 1311 de
1269 1269 1311 1311 la
1339 1268 1497 1312 militia
1524 1270 1597 1314 del
1619 1285 1667 1313 re
1687 1269 1733 1312 di
1755 1270 1902 1327 Syria,

275 1346 376 1390 anci
398 1353 525 1389 tanto
546 1346 623 1402 piu
645 1360 785 1402 penso
813 1348 932 1390 terra
951 1352 1108 1398 conto,
1140 1353 1186 1390 et
1212 1347 1381 1389 hauera
1410 1361 1489 1401 per
1510 1361 1616 1390 cosa
1643 1354 1795 1403 grata,
1819 1349 1906 1393 che

275 1422 340 1480 gli
361 1423 488 1466 siano
511 1422 675 1466 ridotte
697 1423 739 1466 16
761 1437 866 1467 cose
888 1438 914 1466 a
935 1429 1103 1475 mente,
1129 1429 1298 1479 quanto
1320 1422 1413 1479 piu,
1440 1437 1518 1478 per
1540 1423 1569 1465 l’
1594 1422 1747 1467 innata
1768 1425 1908 1469 bonta

275 1514 374 1553 sua,
399 1515 491 1543 non
513 1500 734 1556 desydera
755 1515 803 1543 se
825 1514 917 1543 non
938 1499 969 1542 il
990 1500 1107 1543 bene
1127 1513 1367 1544 commune
1388 1500 1445 1544 de
1473 1501 1516 1543 la
1542 1500 1694 1544 chiesa
1714 1501 1772 1545 de
1798 1500 1903 1555 Dio,

276 1591 356 1632 per
384 1576 415 1618 il
442 1577 574 1632 quale
602 1591 714 1620 sono
741 1591 891 1620 mosso
921 1591 948 1620 a
978 1575 1215 1632 scriuergli
1246 1583 1407 1631 questa
1432 1577 1587 1620 letera.
1620 1578 1737 1621 Pero
1764 1591 1907 1635 prego

276 1652 367 1705 voi,
391 1653 651 1697 beatissimo
672 1654 827 1709 padre,
851 1660 897 1696 et
918 1654 1089 1709 luogho
1113 1659 1295 1697 tenente
1316 1653 1389 1696 del
1410 1654 1581 1710 figliolo
1602 1655 1659 1698 de
1685 1654 1795 1707 Dio,
1821 1657 1906 1700 che

274 1744 368 1772 non
390 1730 564 1786 pigliati
586 1731 627 1773 16
650 1730 819 1786 parolle
833 1729 937 1782 mie,
958 1744 1087 1773 come
1103 1730 1160 1773 da
1180 1744 1372 1785 persona
1392 1731 1477 1773 che
1493 1745 1573 1786 per
1593 1731 1799 1787 orgoglio
1821 1746 1905 1775 uo-

274 1805 369 1862 glia
390 1806 662 1862 consigliare
683 1805 816 1849 altrui
838 1806 915 1862 piu
936 1805 1064 1850 sauio
1087 1807 1144 1848 de
1165 1820 1229 1858 se,
1251 1820 1324 1848 ma
1345 1820 1474 1849 come
1492 1808 1549 1849 da
1570 1822 1777 1863 persona,
1801 1809 1905 1852 ch’e

274 1924 431 1971 signum
455 1923 662 1959 cardinalis
686 1929 859 1969 sanctus,
887 1929 930 1959 ut
952 1923 1173 1960 desisteret.
1200 1924 1323 1969 Haec,
1350 1923 1544 1970 perceptis
1562 1923 1822 1961 Sacramentis
1847 1937 1907 1962 sa-

275 1984 504 2028 crosanctis,
525 1983 700 2019 evanuit.
725 1983 824 2019 Cum
843 1994 916 2029 ego
935 1987 1070 2030 postea
1087 1983 1127 2018 in
1143 1983 1323 2018 cubiculo
1337 1982 1517 2029 privatim
1531 1994 1619 2018 cum
1634 1983 1718 2030 ipso
1731 1996 1903 2032 agerem,

272 2048 317 2079 »et
334 2043 383 2078 ad
401 2042 612 2079 fenestram
628 2048 763 2089 staret,
779 2054 930 2078 mecum
944 2042 1185 2078 familiariter
1199 2053 1335 2088 agens,
1353 2042 1504 2088 rogavi,
1521 2043 1832 2090 quandoquidem
1849 2043 1905 2080 di-

275 2106 386 2137 catur
402 2101 505 2148 quod
523 2113 600 2136 vox
619 2101 750 2148 populi
770 2101 821 2136 sit
838 2113 916 2137 vox
933 2101 1024 2147 Dei,
1043 2101 1076 2136 si
1093 2100 1340 2146 contingeret
1358 2100 1484 2147 ipsum
1503 2100 1618 2136 evehi
1635 2100 1684 2136 ad
1706 2102 1907 2138 Ecclesiae

272 2162 561 2207 gubernacula,
601 2160 827 2206 dignaretur
866 2159 1131 2196 reformationi
1173 2159 1373 2195 Ecclesiae
1407 2159 1647 2195 incumbere.
1689 2161 1906 2208 Respondit

277 2219 385 2264 mihi,
405 2232 448 2256 se
465 2219 622 2267 quidem
639 2231 717 2255 non
735 2231 823 2256 esse
837 2219 1137 2255 instrumentum
1156 2218 1251 2254 satis
1269 2223 1401 2265 aptum
1419 2218 1467 2254 ad
1491 2223 1637 2254 tantam
1660 2219 1904 2266 dignitatem;

271 2279 379 2326 quod
398 2279 431 2315 si
449 2284 578 2314 tamen
597 2283 871 2322 assumeretur,
893 2278 987 2314 nihil
1006 2277 1130 2324 magis
1148 2277 1369 2313 habiturum
1388 2278 1438 2313 ob
1461 2279 1594 2313 oculos
1618 2278 1774 2324 mentis,
1792 2291 1907 2327 quam

271 2343 401 2374 totum
416 2350 459 2374 se
477 2338 630 2374 tradere
648 2338 688 2373 in
705 2343 876 2384 optatam
893 2338 1209 2373 reformationem
1227 2337 1442 2382 Ecclesiae,
1461 2342 1502 2372 et
1524 2337 1627 2384 quod
1644 2349 1667 2372 a
1691 2338 1823 2374 multis
1841 2350 1908 2375 an-

274 2397 336 2433 nis
354 2397 646 2433 desideraverat
662 2396 797 2432 videre
816 2396 855 2432 in
874 2409 919 2432 ea
937 2396 1080 2432 Sancta
1099 2396 1214 2442 Sede,
1229 2395 1296 2443 qui
1314 2395 1398 2431 eius
1416 2395 1473 2431 rei
1490 2396 1730 2443 propositum
1746 2397 1908 2434 haberet

271 2461 316 2492 et
330 2456 517 2501 studium3
536 2455 729 2503 praedixit
749 2467 843 2491 vero
859 2455 961 2503 quod
978 2455 1110 2492 brevis
1129 2460 1234 2491 esset
1252 2455 1333 2490 vita
1350 2466 1458 2490 sua».
1477 2455 1690 2502 MANAREI,
1708 2456 1770 2491 De
1794 2457 1908 2492 rebus

276 2516 485 2552 Societatis
494 2516 594 2562 Jesu
613 2516 939 2557 commentarius,
959 2527 1046 2562 cap.
1070 2523 1128 2561 IX,
1148 2526 1188 2550 n.
1213 2515 1410 2560 25.-—Jam
1429 2525 1537 2560 vero,
1562 2518 1604 2549 ut
1626 2519 1687 2549 est
1703 2514 1805 2561 apud
1831 2515 1909 2552 Po-

275 2583 431 2619 LANCO,
451 2580 480 2610 t.
500 2584 543 2620 v,
561 2586 650 2622 pag.
673 2574 730 2620 16,
749 2586 790 2609 n.
819 2582 875 2619 19,
896 2580 1168 2622 «postquam...
1194 2579 1393 2621 promotus
1417 2578 1478 2608 est
1495 2572 1543 2608 ad
1566 2572 1903 2620 Pontificatum...,

275 2635 397 2670 multa
414 2646 503 2669 cum
522 2635 566 2668 P.
586 2633 738 2679 Ignatio
756 2634 935 2679 contulit,
960 2639 1001 2669 et
1024 2639 1067 2669 ut
1090 2633 1211 2669 libere
1235 2632 1311 2669 sibi
1341 2638 1616 2679 proponerent,
1640 2644 1740 2680 quae
1757 2633 1806 2668 ad
1830 2634 1905 2670 Dei

272 2693 436 2739 gloriam
455 2693 651 2740 pertinere
669 2691 908 2738 viderentur,
928 2694 1103 2728 hortatus
1121 2698 1222 2728 est».
1242 2693 1351 2727 Haec
1365 2690 1558 2738 pontificis
1572 2691 1708 2738 optimi
1726 2693 1905 2729 voluntas

272 2757 392 2800 atque
409 2753 587 2799 prompta
604 2751 652 2787 ad
669 2751 903 2787 audiendum
921 2751 1102 2797 facilitas,
1117 2763 1206 2787 cum
1225 2756 1330 2787 esset
1347 2750 1464 2786 sociis
1481 2756 1663 2797 perpecta
1680 2750 1785 2794 (vide
1807 2750 1906 2787 Car-

270 2815 336 2847 tas
353 2813 400 2848 de
421 2812 505 2847 San
523 2811 704 2859 Ignacio,
723 2816 755 2846 t.
780 2819 821 2856 v,
839 2822 932 2858 pag.
955 2810 1026 2857 372
1043 2816 1082 2847 et
1100 2814 1248 2858 seqq.),
1267 2810 1451 2846 inducere
1470 2810 1595 2856 potuit
1618 2810 1773 2846 Patrem
1791 2810 1905 2847 Viola

271 2870 323 2906 ad
339 2870 565 2906 scribendas
584 2869 757 2917 pontifici
775 2869 850 2906 sibi
867 2876 974 2916 noto,
999 2871 1111 2917 cujus
1135 2869 1451 2906 benevolentiam
1474 2868 1601 2905 fuerat
1619 2874 1818 2916 expertus,
1843 2869 1908 2906 lit-

276 2934 395 2976 teras,
413 2941 510 2976 quas
528 2940 632 2966 nunc
647 2929 812 2974 edimus,
831 2941 1008 2977 quaeque
1025 2930 1228 2974 hactenus,
1246 2928 1350 2976 quod
1373 2927 1556 2972 sciamus,
1575 2927 1730 2964 silentio
1752 2933 1888 2975 praete

274 2988 374 3024 ritae
389 2989 607 3035 jacuerunt.

351 3047 364 3069 ¹
413 3049 510 3094 JER.
534 3057 562 3094 1,
578 3050 614 3083 o.
