2060 3450
0 0 56 16 ·=··
80 0 121 27 αῖ,-
133 0 199 28 *xz-*¹
242 0 250 8 ¹

53 26 59 36 fl
155 25 186 35 ὀ,

764 261 788 296 4
812 251 1045 287 FEBRUARn
1074 258 1163 296 1555
1663 258 1732 295 545

146 359 194 396 et
214 351 354 409 piglia
375 358 421 396 et
442 352 549 395 bere
571 358 617 396 et
637 351 871 408 mangiare
892 367 920 395 a
939 357 1070 408 posta
1091 366 1186 395 sua.
1212 354 1532 396 Breuemente:
1557 352 1617 392 ha
1639 351 1782 393 molto

147 443 265 486 poco
281 427 599 480 dellinteriore‚
614 435 660 471 et
675 442 790 484 poco
806 429 851 471 lo
866 427 1093 484 possiamo
1111 428 1305 485 agiutar'
1319 427 1364 470 di
1382 442 1487 483 qua,
1510 441 1642 486 come
1657 442 1779 483 pare.

238 506 273 549 Π
295 505 470 549 fratello
490 504 688 557 Giouan‚
714 505 972 557 modenese‚
996 506 1055 548 ha
1071 504 1240 548 seruito
1257 505 1315 547 da
1331 510 1639 560 procuratore,
1661 511 1706 547 et
1722 505 1782 548 da

151 581 407 640 sagristano
428 582 602 626 adesso:
628 582 686 624 da
706 582 856 625 buona
883 580 1168 626 edificatione
1189 595 1275 624 con
1297 580 1370 623 chi
1399 593 1631 624 conuersa.
1663 583 1780 624 Pare

151 674 201 703 se
221 658 388 702 strachi
410 658 514 702 delli
536 657 655 701 offici
676 673 755 714 per
776 660 918 702 hauer
939 658 1111 714 grande
1133 665 1230 702 sete
1258 657 1551 714 d’imparare‚
1577 663 1623 701 et
1645 658 1781 700 credo

151 737 306 779 desser
341 736 588 779 sacerdote.
624 738 711 779 Per
736 735 954 779 loscurita
979 736 1054 780 del
1080 749 1163 778 suo
1191 735 1393 792 ingegno
1422 749 1514 777 non
1542 733 1583 777 ci
1611 749 1782 790 pareua

150 812 302 856 niente
323 826 349 854 a
371 811 599 868 proposito
621 826 702 868 per
722 811 936 856 studiare:
962 813 1098 855 credo
1119 813 1227 874 pero
1249 810 1490 868 lagiutaria
1512 826 1538 854 a
1559 812 1628 854 far
1649 812 1779 866 qual—

149 890 234 932 che
254 903 361 932 cosa
382 888 413 930 il
434 903 549 944 gran
570 888 792 933 desiderio
813 890 899 932 che
919 888 966 930 di
988 888 1058 932 cio
1087 888 1223 933 tiene.

236 966 271 1008 11
294 966 467 1009 fratello
490 965 724 1008 Anthonio
746 965 887 1008 Maria
912 967 942 1018 ¹,
968 980 1046 1022 per
1075 973 1194 1009 stare
1222 964 1473 1021 hidropico,
1497 979 1592 1008 non
1620 980 1671 1008 so
1693 979 1779 1008 cne

149 1041 277 1085 dime
308 1043 435 1085 altro:
477 1042 638 1085 diceua
674 1056 735 1084 un
764 1042 940 1085 medico
966 1043 1116 1084 l'altro
1143 1042 1204 1094 di,
1236 1043 1321 1084 che
1349 1042 1470 1086 forse
1505 1041 1537 1083 li
1574 1041 1779 1098 giouaria

147 1120 327 1174 l'acqua
348 1119 393 1161 di
414 1118 568 1175 bagni.
595 1119 727 1162 Altro
749 1119 795 1161 di
817 1134 899 1162 suo
928 1133 1078 1163 essere
1109 1133 1200 1162 non
1227 1134 1309 1162 san
1336 1120 1420 1162 che
1449 1118 1560 1162 dire:
1594 1118 1779 1175 mangia

149 1197 266 1239 bene
288 1196 419 1248 bene,
445 1202 492 1238 et
512 1197 656 1238 anche
677 1197 847 1240 dorme.

238 1273 273 1315 Π
309 1272 506 1329 gionene
531 1272 760 1328 perusino,
792 1272 1013 1326 riceuuto,
1045 1280 1115 1316 sta
1144 1272 1191 1315 in
1219 1287 1337 1325 casa,
1370 1279 1415 1318 et
1437 1272 1696 1316 cominciasi
1720 1272 1778 1315 ad

149 1348 374 1406 agiutarlo
396 1363 476 1404 per
496 1348 572 1392 uia
592 1350 636 1391 d’
661 1349 797 1392 officii
817 1349 938 1392 bassi
959 1349 1005 1392 in
1027 1364 1146 1393 casa:
1172 1356 1242 1392 sta
1258 1349 1302 1392 di
1323 1351 1478 1393 buona
1493 1349 1662 1406 uoglia:
1684 1356 1778 1392 sta-

149 1441 272 1470 remo
294 1441 319 1469 a
342 1427 506 1469 uedere
526 1427 570 1469 la
590 1426 928 1482 perseuerantia
949 1427 982 1469 ².

237 1503 358 1558 Quel
379 1502 576 1559 giouene
597 1503 641 1544 d'
666 1502 886 1559 Augubio
902 1518 1010 1559 pare
1031 1504 1228 1546 anchora
1245 1517 1336 1546 non
1354 1502 1419 1546 sia
1436 1503 1508 1546 del
1526 1509 1644 1546 tutto
1667 1502 1776 1545 riso-

147 1579 244 1622 luto
265 1593 345 1635 per
366 1579 408 1622 la
430 1578 698 1635 Compagia.
724 1580 790 1623 Lo
812 1579 1074 1623 ritrouiamo
1096 1586 1319 1635 pocoatto
1336 1594 1415 1635 per
1431 1579 1646 1633 studiare;
1666 1581 1776 1636 pero

147 1671 228 1712 per
249 1670 371 1700 esser
393 1655 606 1712 giouene,
631 1655 775 1712 potria
796 1670 947 1701 essere
968 1658 1052 1699 che
1075 1671 1124 1701 se
1140 1656 1349 1701 uincesse
1365 1657 1547 1712 quando
1566 1657 1684 1699 fosse
1706 1656 1776 1699 di-

146 1733 331 1790 ligente.
363 1735 668 1787 Pensauamo,
698 1735 879 1788 quando
906 1749 1088 1790 paresse
1115 1734 1200 1777 alla
1227 1733 1501 1786 obedientia,
1538 1733 1685 1790 dargli
1713 1748 1775 1776 un

149 1823 294 1866 pocco
317 1810 361 1852 d’
392 1808 609 1853 essercitii
637 1809 858 1866 spirituali
885 1817 965 1867 ‘per
991 1810 1162 1853 auiarlo
1190 1825 1216 1853 a
1242 1810 1496 1863 risoluersi,
1527 1810 1653 1853 accio
1675 1811 1776 1854 chel

148 1886 342 1943 collegio
363 1901 412 1930 se
433 1893 612 1942 potesse
634 1883 778 1930 anche
800 1886 1019 1931 risoluere
1040 1887 1097 1931 de
1118 1887 1197 1930 lui.

235 1963 322 2006 Del
343 1970 463 2006 resto
485 1962 646 2006 stiamo
666 1963 785 2008 bene
805 1978 885 2020 per
907 1963 1054 2020 gratia
1082 1965 1138 2007 de
1165 1971 1320 2007 nostro
1352 1963 1562 2020 Signore,
1595 1970 1640 2007 et
1668 1964 1775 2006 tutti

146 2039 439 2083 humilmente
461 2039 502 2082 ci
523 2040 935 2083 racommandiamo
959 2041 1043 2083 alle
1060 2040 1254 2084 orationi
1270 2040 1317 2083 di
1333 2042 1390 2084 V.
1414 2042 1464 2084 P.
1486 2042 1553 2084 De
1577 2041 1775 2097 Perugia

146 2130 172 2158 a
192 2128 220 2169 4
242 2116 298 2160 de
320 2116 510 2159 Febraio
538 2117 663 2171 1556.
689 2116 749 2160 Di
771 2118 828 2161 V.
855 2119 908 2160 P.
936 2132 1071 2161 seruo
1093 2117 1270 2170 inutile,

891 2195 1158 2238 EUERARDO
1190 2196 1533 2238 MARcURIANo.

234 2269 492 2324 Inscriptio:
513 2269 543 2327 †
563 2270 623 2312 Al
644 2270 782 2312 molto
804 2271 921 2314 Rdo.
948 2270 993 2313 in
1016 2271 1197 2314 Christo
1221 2272 1384 2325 Padre,
1408 2271 1438 2313 il
1462 2273 1515 2314 P.
1549 2274 1611 2315 M.
1638 2273 1775 2328 Igna-

147 2345 211 2390 tio
231 2346 288 2390 de
310 2347 495 2401 Loyola‚
520 2346 747 2408 preposito
769 2348 983 2402 generale
1005 2348 1121 2390 della
1144 2348 1428 2404 Compagnia
1448 2349 1506 2392 de
1522 2350 1649 2405 Jesu.

234 2423 342 2465 Alia
363 2437 520 2465 manu:
543 2424 643 2466 R.ta
671 2422 745 2466 alli
767 2423 794 2466 6
816 2424 889 2466 del
910 2423 1172 2468 medesimo.

220 2579 230 2598 ¹
282 2577 500 2612 «Antonius
514 2577 695 2621 Mariam,
709 2577 775 2624 qui
789 2577 885 2612 duos
898 2588 1020 2612 annos
1033 2577 1235 2614 continuos
1250 2578 1494 2624 aegritudine
1514 2579 1775 2623 laboraverat,

143 2640 279 2682 quarta
292 2635 356 2670 die
369 2634 551 2673 Octobris
566 2636 689 2683 [1555]
703 2636 751 2672 ad
765 2636 975 2672 Dominum
990 2636 1186 2682 migravit,
1202 2638 1316 2684 paulo
1329 2643 1532 2684 postquam
1548 2637 1773 2672 Extremam

142 2694 378 2731 Unctionem
394 2694 624 2741 accepisset,
639 2695 843 2731 diuturnae
861 2695 1073 2742 patientiae
1098 2697 1328 2743 praemium,
1353 2702 1395 2731 ut
1418 2697 1614 2743 sperabat,
1640 2708 1661 2731 a
1688 2697 1775 2731 Deo

141 2759 410 2800 accepturus».
428 2754 646 2798 POLANCQ
666 2759 694 2789 t.
713 2763 753 2796 v,
773 2765 862 2801 pag.
881 2755 942 2801 65,
961 2767 1000 2790 n.
1024 2763 1103 2800 144.

210 2815 224 2834 ²
274 2813 383 2848 Haec
401 2812 519 2848 etiam
536 2812 694 2858 attingit
712 2813 908 2859 Augerius
929 2813 968 2849 in
989 2813 1084 2849 Litt.
1107 2815 1284 2860 Quadr„
1313 2820 1341 2850 t.
1361 2824 1416 2859 111,
1439 2826 1526 2861 pag.
1549 2813 1632 2859 283,
1652 2825 1674 2859 4
1700 2815 1776 2849 Fe·

140 2871 284 2908 bruarii
299 2871 414 2907 datis.
441 2871 683 2918 POLANCUS,
707 2876 736 2907 t.
761 2881 803 2917 V,
828 2883 917 2919 pag.
942 2872 1003 2918 61,
1023 2886 1062 2908 n.
1092 2882 1174 2919 129,
1201 2873 1374 2921 perusini
1404 2873 1599 2908 candidati
1630 2885 1772 2909 nomen

141 2931 335 2978 exprimit:
362 2930 605 2976 «Quemdam
629 2930 668 2966 in
691 2930 927 2966 Societatem
953 2931 1064 2966 initio
1083 2931 1198 2978 hujus
1224 2933 1329 2979 anni,
1357 2933 1512 2967 nomine
1541 2932 1771 2974 Antonium,

141 2990 381 3036 perusinum,
396 2989 552 3024 admisit
563 2989 870 3036 [Mercurianus]:
891 2990 1078 3036 quosdam
1092 2991 1202 3033 alios,
1216 2991 1360 3028 ibidem
1376 2992 1423 3026 ad
1439 2991 1647 3027 Societatis
1662 2991 1772 3027 insti-

143 3053 270 3084 tutum
290 3047 517 3083 sectandum
535 3053 764 3093 commotos,
782 3048 943 3083 Romam
962 3048 1146 3085 direxit».

288 3113 479 3142 ΕΡιετοιΔε
498 3111 645 3146 Mixa-At.
660 3117 740 3141 rou.
764 3119 812 3141 xv.
1522 3115 1558 3142 35
