2014 3470
747 295 790 332 14
814 286 1064 323 Novmfflms
1092 292 1183 331 1554
1663 293 1733 331 455

147 395 315 442 mente,
339 395 384 432 et
400 390 486 432 che
504 388 735 434 uedesimo
751 403 835 446 pur
852 387 898 432 di
914 387 1098 433 edificat
1115 386 1238 441 tutti,
1257 393 1303 431 et
1324 402 1417 431 non
1439 386 1481 430 ci
1502 386 1786 430 duuitasimo

148 464 195 509 di
215 479 323 510 cosa
343 465 520 510 alcuna.
552 467 738 522 Quanto
766 466 852 510 alla
878 462 1184 524 prouisio[ne],
1218 462 1278 507 mi
1305 463 1425 508 djsse
1453 463 1555 507 chel
1585 464 1785 507 cardinal

150 544 218 587 fra
237 542 374 600 pochi
396 542 544 600 giomi
565 543 797 587 mandaria
824 543 986 588 alcuno
1013 541 1060 585 di
1087 556 1187 595 suo,
1213 548 1259 587 et
1286 540 1327 584 ci
1350 540 1461 584 faria
1482 555 1624 598 pagar
1647 541 1785 596 quelli

149 619 306 675 debiti,
331 627 377 665 et
397 620 439 663 ci
460 621 800 677 prouederebbe
821 620 866 663 di
888 635 1006 676 pane
1027 626 1072 664 et
1093 618 1219 675 uino;
1244 625 1290 662 et
1311 620 1397 663 che
1420 618 1527 662 forsi
1556 632 1658 662 esso
1685 619 1784 661 suf-

150 697 367 754 staganeo
395 699 593 742 uerebbe
620 712 724 754 qua,
755 705 799 742 et
828 713 855 741 a
882 699 918 741 F
920 712 1085 741 errata.
1116 696 1224 740 Cosi
1245 697 1270 740 e
1298 710 1511 739 successo
1533 695 1564 738 11
1592 709 1714 748 caso,
1739 702 1787 739 et

148 774 267 818 doue
297 775 504 818 haueano
535 774 809 818 calumniato
845 775 889 818 13
925 773 1209 831 Compagnia
1244 780 1289 817 et
1327 773 1434 816 tutti
1464 772 1556 827 noi,
1588 773 1738 828 quella
1759 773 1787 815 6

148 857 266 895 stata
284 850 362 908 pia
383 852 587 904 esaltata,
607 858 653 896 et
670 851 745 895 noi
763 850 1047 895 achareeiati:
1067 852 1153 894 che
1169 850 1235 894 sia
1251 865 1428 906 sempre
1444 850 1627 894 laudato
1644 849 1782 902 colui,

147 927 178 970 il
199 928 332 983 quale
360 929 417 971 de
443 928 549 972 mali
577 928 835 985 grauissimi
863 943 913 972 sa
939 941 1136 972 cauame
1158 927 1272 971 tanti
1292 913 1415 979 beni,
1441 941 1468 970 a
1495 941 1578 970 sua
1604 927 1708 971 lode
1736 934 1785 971 et

147 1004 306 1062 gloria.
332 1006 381 1048 Io
402 1020 495 1049 non
516 1006 758 1050 manchero
780 1005 825 1048 di
845 1006 1114 1062 guadagnar
1136 1004 1258 1057 tutti,
1284 1011 1328 1049 et
1350 1003 1538 1048 masime
1565 1004 1692 1048 detto
1713 1003 1783 1045 vi-

148 1081 285 1136 cario,
311 1082 582 1127 uenendomi
603 1082 828 1135 ocasione,
849 1082 1174 1126 dissimulando
1191 1082 1279 1125 tale
1295 1095 1417 1136 cose,
1437 1081 1601 1137 poiche
1618 1079 1665 1123 ui
1681 1082 1785 1124 sara

149 1157 222 1201 ehi
244 1158 379 1203 melio
399 1161 559 1203 narera
579 1159 611 1202 il
632 1173 755 1212 caso,
779 1166 826 1202 et
846 1173 933 1203 con
955 1159 1033 1216 pi1'1
1056 1159 1213 1212 frutto,
1237 1160 1323 1202 che
1345 1158 1603 1213 qualonque
1620 1156 1666 1200 di
1688 1156 1782 1200 noi.
1813 1215 1820 1219 .

92 1276 94 1279 .
149 1236 288 1279 Certo
308 1225 656 1281 desiderarebbe
677 1238 762 1281 che
784 1237 877 1281 Sua
899 1238 1057 1280 Ece.za
1077 1235 1108 1278 li
1129 1242 1374 1298 mostrasse
1395 1235 1558 1278 alcuno
1573 1248 1719 1291 segno
1737 1233 1785 1276 di

150 1312 543 1369 congratulatione
559 1328 585 1356 a
602 1314 650 1358 S.
673 1312 765 1357 Sja
778 1314 927 1366 Rma.,
941 1313 1102 1370 poiche
1116 1319 1242 1356 tanto
1258 1327 1284 1356 a
1298 1311 1491 1355 fauorito
1505 1313 1652 1366 quest'
1672 1325 1779 1367 ope—

147 1403 211 1442 ra,
238 1388 335 1433 acio
356 1404 449 1433 non
470 1389 626 1433 andasi
648 1404 728 1446 per
751 1396 885 1443 terra,
911 1404 961 1435 se
988 1404 1081 1433 non
1108 1405 1187 1446 per
1215 1388 1402 1446 meggio
1423 1389 1481 1432 de
1502 1387 1711 1440 seculari,
1736 1394 1785 1430 et

146 1465 350 1509 huomini
366 1466 498 1523 layci,
512 1467 720 1510 almanco
737 1481 816 1523 per
832 1467 1017 1524 meggio
1033 1467 1089 1511 de
1106 1465 1346 1518 sacerdoti,
1362 1471 1408 1509 et
1424 1478 1617 1521 persone
1633 1465 1782 1508 eccle-

146 1542 341 1588 siastice.

167 1676 177 1678 ἤ
233 1621 338 1664 Non
359 1621 473 1665 altro
493 1620 592 1664 diro
614 1621 656 1664 al
677 1628 902 1678 presente:
934 1621 1003 1665 sol
1031 1618 1460 1664 racomandandomi
1481 1619 1566 1662 3116
1587 1618 1779 1661 orationi

145 1695 191 1740 di
212 1697 270 1740 V.
296 1698 350 1741 R.
377 1704 423 1741 et
444 1697 490 1740 di
512 1697 618 1741 tutti
639 1696 670 1756 [i
693 1698 844 1758 Padri]
866 1713 891 1742 6
914 1697 1091 1742 fratelli.
1118 1696 1178 1741 Di
1200 1698 1410 1754 Argenta
1432 1695 1506 1740 alli
1534 1708 1586 1750 14
1616 1695 1661 1738 di
1682 1696 1780 1739 No-

146 1775 333 1819 uembre
361 1784 488 1830 1554.
513 1776 680 1819 Vostro
702 1775 889 1819 minimo
910 1775 957 1818 in
979 1775 1162 1819 Christo
1190 1788 1342 1828 seruo,

966 1853 1174 1896 ANDREA
1206 1853 1538 1895 BONINSEGNA.

235 1929 494 1985 Inscripiio:
515 1928 545 1986 †
567 1929 628 1973 Al
649 1930 790 1972 molto
812 1930 926 1973 Rdo.
952 1929 1000 1972 in
1022 1928 1206 1973 Christo
1224 1928 1387 1980 Padre,
1408 1927 1439 1970 il
1457 1928 1510 1970 P.
1539 1928 1600 1969 M.
1626 1925 1778 1970 Gioan

148 2005 405 2059 Pelletario,
431 2012 599 2051 rettore
615 2006 688 2049 del
709 2005 903 2063 collegio
920 2007 1038 2051 della
1055 2005 1342 2063 Compagnia
1358 2003 1404 2047 di
1422 2003 1583 2057 Gies1‘1‚
1604 2002 1650 2046 in
1667 2003 1779 2046 Fer-

145 2097 260 2126 rara.

232 2160 339 2203 Alia
358 2173 516 2203 manu:
538 2161 638 2204 R.ta
660 2159 733 2204 3111
762 2172 811 2204 12
835 2160 880 2203 di
903 2161 1038 2205 X‚bre
