2060 3432
819 256 867 295 29
890 247 1083 285 Ausus-n
1110 255 1207 294 1555*
1566 233 1568 235 ¹
1707 249 1774 287 831

280 349 351 392 En
371 349 440 393 las
460 348 693 405 oraciones
712 349 772 395 de
791 350 850 394 V.
875 350 931 393 R.
955 364 986 406 y
1006 349 1064 393 de
1085 350 1216 393 todos
1235 349 1304 394 los
1335 349 1505 394 Padres
1533 365 1565 406 y
1585 350 1829 397 hermanos

190 432 402 470 nuestros
423 427 481 471 de
503 426 546 470 13
567 441 673 470 casa
691 441 722 483 y
744 425 1137 484 amboscollegios
1154 426 1449 472 encomiendo
1466 429 1636 471 mueho
1651 431 1679 472 a
1694 430 1828 473 todos

190 509 414 556 nosotros,
438 518 469 560 y
491 507 517 547 a
537 510 747 547 nuestros
768 502 1000 560 negocios,
1024 517 1055 559 y
1075 506 1103 546 3
1122 503 1191 547 los
1207 517 1296 560 que
1312 518 1396 548 nos
1412 505 1503 547 han
1521 505 1780 561 fauorecido
1794 520 1827 563 y

190 580 481 638 perseguido,
500 595 536 637 y
558 582 696 624 ahora
715 580 760 624 10
781 582 925 624 hazen
947 595 1004 625 en
1023 580 1066 624 el
1087 581 1233 625 Senor
1249 586 1451 634 nuestrO,
1472 595 1590 637 cuyo
1606 588 1737 626 santo
1755 588 1826 627 te·-

190 673 288 702 mor
308 673 339 715 y
359 672 486 702 amor
505 661 602 702 este
622 672 652 714 y
673 672 723 702 se
743 663 990 714 augmente
1011 656 1205 714 siempre
1227 671 1282 701 en
1304 664 1514 712 nuestras
1536 658 1692 713 almas,
1717 673 1826 716 para

189 749 279 792 que
300 749 349 779 se
370 735 550 792 cumpla
570 749 629 779 en
650 740 858 778 nosotros
878 734 923 777 13
943 732 1098 778 diuina
1120 734 1354 779 voluntad.
1387 735 1553 778 Amen.
1586 736 1657 779 De
1684 735 1828 780 Cara-

190 827 306 870 goca
329 825 385 870 29
405 812 462 856 de
484 813 663 870 Agosto
692 821 802 867 1555
826 817 951 855 anos.
977 812 1049 856 De
1070 812 1128 856 V.
1154 813 1208 856 R.
1233 811 1327 868 hijo
1342 827 1371 868 y
1390 811 1540 856 sieruo
1560 811 1750 870 indigno
1766 827 1826 858 en

182 889 483 948 Jesuchristo,

1458 983 1488 1042 Ἰ(

1388 1043 1582 1088 Romu.

276 1199 542 1255 Inscriptio:
574 1162 673 1256 Jlis.
714 1197 775 1241 Al
811 1211 921 1253 muy
958 1198 1075 1242 Rdo.
1122 1198 1268 1242 Padre
1311 1201 1404 1241 mlo
1446 1213 1504 1242 en
1540 1197 1738 1253 Christo,
1778 1200 1820 1243 el

188 1277 242 1320 P.
269 1277 316 1320 M
323 1275 359 1319 .⁰
375 1277 496 1334 Juan
517 1275 814 1341 dePolanco,
839 1275 895 1318 de
917 1275 961 1318 13
982 1275 1232 1331 Compafiia
1253 1275 1310 1318 de
1326 1277 1477 1334 Jesus,
1503 1282 1591 1319 etc,

274 1353 382 1396 Alia
404 1366 562 1396 manu:
583 1353 684 1396 R‚ta
713 1351 787 1395 alli
811 1352 840 1395 6
860 1350 906 1394 di
927 1351 1202 1396 Nouembre.

869 1655 873 1662 ,
924 1598 1080 1639 men

718 1699 963 1738 MARCHIO
988 1700 1059 1736 DE
1084 1699 1279 1735 SARRIA

559 1796 969 1841 BERNARDINO
999 1796 1082 1840 DE
1115 1795 1424 1839 MENDOZA

647 1911 784 1939 ROMA
822 1911 874 1949 29
911 1910 1131 1939 Auousrr
1168 1909 1275 1947 1555
1318 1904 1348 1937 ¹.

433 1996 514 2033 Res
531 1997 740 2034 Societatis
757 1998 868 2045 Jesu,
887 1997 1052 2045 Neapoli
1070 1997 1277 2044 versantis,
1295 1996 1554 2033 commendat.

986 2092 1016 2151 ,Γ

273 2201 386 2256 Muy
424 2199 519 2244 111.e
551 2205 706 2243 senor:
746 2200 836 2244 Los
864 2198 1089 2243 theatinos
1123 2199 1182 2243 de
1213 2202 1339 2255 aqui,
1380 2213 1470 2255 que
1501 2213 1550 2243 se
1578 2199 1742 2242 llaman
1770 2199 1814 2243 13

183 2277 436 2334 Compania
461 2277 518 2320 (10
540 2277 676 2335 ]05ι’15
695 2277 710 2298 ²
725 2311 736 2331 ,
764 2291 838 2322 me
864 2278 955 2320 han
983 2275 1162 2320 instado
1186 2290 1295 2333 para
1322 2290 1411 2332 que
1442 2290 1501 2333 yo
1522 2274 1760 2320 seriuiesse
1782 2279 1810 2320 a

258 2410 265 2429 ¹
317 2407 375 2442 Ex
395 2407 635 2454 autographo
652 2406 692 2443 in
711 2407 789 2442 vol.
809 2407 855 2452 F,
874 2406 988 2442 unico
1005 2405 1112 2450 folio,
1127 2418 1167 2443 n.
1187 2414 1223 2453 5,
1240 2406 1361 2454 prius.
1381 2405 1440 2442 36.

252 2469 266 2489 ²
317 2466 396 2503 Cur
413 2465 559 2502 alumni
576 2464 784 2502 Societatis
802 2466 898 2512 Je'su
915 2466 964 2501 ab
982 2464 1175 2513 aliquibus
1193 2465 1357 2502 theatini
1381 2465 1507 2501 vocati
1524 2465 1616 2509 sint,
1639 2465 1811 2501 declarat

182 2524 435 2571 ORLANDINI,
454 2526 563 2561 Hist.
584 2525 668 2561 Soc.
680 2525 781 2572 JeS„
802 2530 900 2571 part.
926 2533 953 2570 1,
978 2524 1046 2560 lib.
1071 2534 1099 2568 1,
1122 2536 1161 2560 n.
1191 2532 1272 2561 122.
1297 2526 1346 2560 Et
1369 2536 1501 2560 rursus
1524 2524 1592 2560 lib.
1617 2533 1658 2571 v,
1682 2536 1721 2560 n.
1746 2524 1809 2571 62,

182 2584 264 2631 ubi,
288 2596 498 2620 recensens
523 2583 642 2629 varia,
668 2584 811 2631 quibus
835 2588 1028 2619 nostrates
1051 2584 1344 2630 appellabantur
1367 2583 1496 2627 initio,
1519 2582 1688 2629 nomina,
1711 2583 1809 2619 haec

182 2648 389 2679 memorat:
410 2644 604 2680 «Aiebant
624 2643 742 2690 aliqui
759 2642 978 2679 Vallisoleti
995 2642 1233 2689 Ignatianos,
1252 2655 1322 2679 seu
1336 2643 1459 2690 patria
1473 2654 1569 2678 voce
1582 2642 1808 2688 Inighistas,

180 2702 337 2750 quidam
354 2707 485 2739 autem
502 2702 680 2749 Papistas
694 2704 798 2746 (nam
815 2702 943 2749 Papae
962 2701 1131 2749 Sedique
1149 2701 1397 2749 Apostolicae
1411 2701 1617 2749 praecipuo
1631 2713 1699 2737 eos
1716 2706 1808 2738 voto

180 2761 399 2804 deuinctos,
423 2761 499 2797 iam
522 2761 623 2797 fama
645 2762 839 2807 vulgarat)
861 2761 1099 2808 apparuisse.
1123 2761 1207 2797 Nec
1229 2761 1357 2808 pauci,
1381 2760 1646 2796 similitudinis
1674 2771 1806 2798 errore

181 2820 350 2867 decepti,
368 2819 646 2856 Theatinorum
663 2831 731 2855 eos
750 2820 954 2864 vocabulo,
971 2831 1135 2867 quorum
1148 2820 1243 2857 item
1262 2831 1371 2856 sacer
1385 2818 1491 2857 Ordo
1504 2819 1607 2854 haud
1624 2818 1804 2857 dissimili

179 2881 288 2916 cultu
305 2891 428 2927 nuper
445 2883 679 2923 surrexerat,
697 2878 983 2915 describebant.
1004 2879 1173 2926 Quidam
1191 2890 1297 2924 vero,
1319 2879 1502 2926 quoniam
1519 2878 1613 2914 nihil
1631 2878 1707 2915 nisi
1724 2890 1804 2916 mo-

179 2950 264 2975 rum
282 2938 535 2974 conformatio
554 2948 686 2973 eorum
704 2937 744 2973 in
762 2949 828 2973 ore
844 2939 1066 2984 resonabat,
1082 2939 1279 2974 malebant
1298 2950 1409 2974 eos...
1425 2937 1669 2973 Reformatos
1682 2937 1805 2975 Cleri-

178 3008 245 3033 cos
262 2998 469 3045 appellare.
489 2996 573 3032 Nec
590 2995 751 3032 deerant
767 2995 877 3044 qui...
896 2996 1120 3032 dictitarent
1138 3008 1206 3032 eos
1224 3008 1312 3033 esse
1331 2997 1538 3043 Apostolos
1563 2995 1693 3043 magni
1710 2997 1804 3044 Dei,

177 3056 245 3103 qui
261 3055 466 3092 ruentibus
483 3054 532 3090 ad
549 3055 752 3090 Tartarum
769 3054 907 3091 animis
927 3055 1181 3102 tempestivas
1198 3055 1440 3102 porrigerent
1458 3054 1677 3091 dexteras.»
