2054 3496
806 265 849 302 13
873 266 1028 302 MAan
1055 273 1147 311 1554
1683 265 1732 312 89

140 368 185 413 io
204 375 386 425 esposto
408 383 434 412 a
455 370 512 413 V.
548 370 603 412 R.
629 369 672 414 16
693 368 898 412 molestie
918 374 965 412 et
995 367 1323 425 inquietatione
1344 368 1529 411 fatteme
1549 382 1630 425 per
1650 375 1780 425 parte

144 446 218 491 del
238 447 375 502 padre
398 429 492 489 mio*
508 446 689 490 carnale
710 460 791 502 per
813 444 1045 489 retirarme
1067 445 1184 488 dalla
1207 443 1461 488 indubitata
1493 444 1731 490 uocatione
1752 460 1779 488 a

145 532 306 580 questa
328 530 457 567 santa
478 522 777 580 Compagnia3
802 522 862 568 lei
882 537 955 566 me
976 523 1036 565 ha
1057 522 1376 566 commandato
1397 523 1482 565 che
1503 521 1547 565 io
1568 521 1780 566 scriuessi

145 600 190 643 al
210 600 350 657 longo
382 601 425 645 el
445 614 657 645 successo
678 607 724 644 et
745 600 880 643 modo
906 600 964 644 de
991 599 1081 644 tale
1107 598 1448 655 inquietatione.
1482 600 1571 642 Per
1597 606 1775 654 questo,

150 676 453 722 satisfacendo
475 676 519 720 io
541 677 583 720 al
603 676 788 721 debbito
808 677 926 722 della
947 683 1076 720 santa
1097 675 1370 730 obedientia,
1395 676 1489 720 cosi
1516 675 1580 733 gli
1601 676 1645 719 10
1666 676 1778 719 scri-

153 754 279 807 uero,
304 768 432 799 come
453 755 510 799 de
530 761 650 798 sotto
671 753 912 811 sequitara.

242 831 316 874 Vn
354 830 515 887 giorno
553 831 708 888 (penso
743 832 828 874 che
864 831 983 876 fosse
1018 829 1199 874 innanzi
1235 830 1278 874 la
1308 829 1669 887 quadragesima)
1706 845 1780 875 me

148 908 276 964 parlo
297 908 372 952 nel
393 908 587 965 collegio
610 922 674 951 un
695 914 882 960 sartore,
907 906 1132 951 chiamato
1154 913 1322 951 mastro
1337 906 1634 964 Guiglielmo,
1656 908 1779 950 fran—

148 997 268 1037 cese,
293 991 339 1029 et
360 985 419 1029 da
438 991 566 1042 parte
586 985 644 1030 de
671 985 835 1042 quella,
861 985 994 1041 quale
1015 999 1092 1029 era
1122 984 1212 1028 mia
1234 991 1391 1037 matre,
1426 985 1700 1029 recercando
1721 985 1780 1029 da

150 1076 222 1105 me
244 1063 377 1117 quale
399 1062 518 1105 fosse
538 1062 582 1105 13
604 1062 745 1106 ferma
765 1061 856 1105 mia
877 1061 1251 1106 determinatione
1279 1061 1400 1105 circa
1428 1062 1470 1106 el
1491 1075 1784 1118 perseuerare

151 1138 270 1181 nella
292 1138 592 1194 Compagnia,
618 1138 886 1183 dicendome
907 1139 1070 1183 alcune
1092 1138 1312 1195 raggione
1334 1137 1607 1194 assegnateli
1629 1139 1687 1181 da
1707 1137 1783 1191 lei,

151 1221 258 1271 apte
278 1215 335 1258 ad
366 1214 638 1264 rimouerme
664 1216 739 1258 dal
768 1215 861 1258 bon
891 1215 1144 1272 proposito,
1175 1215 1276 1263 0106,
1301 1216 1386 1258 0116
1422 1214 1500 1271 qui
1528 1229 1622 1258 non
1648 1229 1788 1259 erano

153 1305 345 1347 persone
366 1291 424 1334 de
444 1291 719 1344 conditione,
745 1299 791 1336 et
812 1291 934 1347 quali
955 1306 1047 1335 non
1069 1305 1207 1334 erano
1229 1291 1404 1347 aequali
1427 1306 1453 1335 a
1474 1306 1562 1345 me,
1582 1299 1628 1335 et
1644 1307 1787 1348 penso

153 1369 353 1411 anchora
374 1370 458 1411 che
480 1367 643 1412 dicessi
659 1369 745 1413 che
766 1382 859 1411 non
875 1383 928 1411 06
944 1382 1082 1412 613110
1099 1383 1149 1413 se
1166 1383 1257 1411 non
1278 1368 1411 1411 morti
1433 1369 1490 1412 de
1512 1369 1645 1422 fame,
1664 1368 1787 1424 quali

138 1459 246 1506 'non
266 1451 495 1501 poteuano
517 1445 782 1488 altramente
803 1445 977 1507 uiuere,
1003 1452 1049 1488 et
1070 1444 1144 1502 poi
1166 1446 1252 1489 che
1274 1461 1350 1490 era
1371 1452 1510 1502 gente
1536 1445 1786 1498 forestiera,

152 1536 281 1565 come
303 1521 527 1579 spagnoli‚
552 1522 667 1565 oltra
687 1510 745 1567 de
765 1529 928 1578 questo
952 1523 1058 1579 (non
1080 1536 1131 1565 so
1148 1536 1197 1566 se
1214 1523 1271 1565 al'
1290 1523 1416 1574 hora,
1438 1536 1577 1565 011610
1593 1536 1656 1564 1111
1673 1523 1787 1565 altra

155 1598 289 1655 uolta)
312 1613 393 1655 per
414 1613 495 1642 sua
516 1606 643 1655 parte
665 1601 751 1644 che
782 1599 827 1642 io
847 1601 1028 1644 haueuo
1050 1600 1108 1643 da
1135 1613 1286 1644 essere
1313 1606 1503 1656 patrone
1530 1599 1587 1643 de
1608 1598 1679 1642 cio
1701 1600 1788 1643 che

150 1674 210 1719 lei
231 1662 426 1720 haueua.
463 1677 678 1719 Anchora
709 1690 783 1719 me
803 1675 924 1720 disse
947 1676 1020 1719 del
1051 1690 1190 1733 corpo
1219 1675 1326 1729 mio,
1359 1677 1444 1720 che
1472 1691 1549 1719 era
1580 1690 1738 1732 magro
1761 1691 1787 1720 e

151 1751 327 1795 affiitto.
356 1754 431 1796 Ma
453 1752 499 1795 in
523 1759 642 1801 tutto
659 1759 822 1808 questo
843 1753 1123 1809 parlamento
1145 1767 1194 1796 se
1216 1759 1444 1796 mostraua
1465 1753 1507 1796 el
1528 1753 1790 1809 sopradetto

153 1829 289 1872 homo
322 1843 474 1874 essere
495 1829 573 1885 piu
594 1836 747 1886 presto
779 1829 825 1872 in
849 1831 1004 1873 fauore
1035 1830 1152 1873 della
1184 1829 1424 1874 uocatione
1455 1829 1559 1882 mia,
1594 1829 1788 1874 dicendo

152 1906 239 1949 che
260 1905 324 1948 lui
346 1906 522 1949 uedeua
544 1907 705 1951 alcune
727 1920 832 1950 cose
854 1906 901 1949 in
923 1906 1149 1951 contrario
1165 1907 1222 1949 de
1244 1907 1395 1963 quello
1417 1908 1502 1951 che
1518 1906 1549 1949 11
1571 1921 1648 1950 613
1668 1913 1788 1950 stato

152 1982 296 2036 detto,
320 1989 366 2025 et
395 1984 480 2026 che
512 1998 604 2027 non
637 1984 817 2028 ueneua
849 1998 929 2040 per
953 1983 1186 2040 impedire,
1221 1985 1279 2027 ne
1302 1984 1347 2027 lo
1376 1984 1583 2027 farrebbe
1604 1998 1784 2036 manco,

85 2091 88 2094 -
152 2073 227 2102 ma
247 2073 327 2116 per
362 2060 406 2103 13
426 2059 809 2117 importunatione
830 2068 877 2104 et
898 2060 1076 2118 prieghi
1097 2062 1154 2104 de
1175 2061 1249 2106 161.
1285 2062 1328 2105 A
1351 2062 1379 2103 l’
1412 2061 1570 2104 ultimo
1598 2061 1641 2104 io
1662 2060 1694 2103 11
1715 2076 1789 2106 16-

151 2136 289 2192 sposi,
309 2138 394 2181 che
415 2151 506 2180 11011
524 2138 751 2182 accadeua
768 2151 950 2182 cercare
971 2137 1018 2181 in
1040 2144 1202 2195 questo
1220 2139 1263 2182 13
1281 2139 1464 2182 uolonta
1480 2138 1586 2191 mia,
1606 2137 1791 2181 concio-

148 2300 286 2336 eadem
298 2313 421 2352 ‚manu
439 2308 611 2348 exarata,
633 2308 724 2338 sunt
746 2304 856 2339 haec:
879 2315 970 2351 «per
995 2303 1255 2348 eonfessarse,
1281 2315 1343 2339 ma
1366 2303 1430 2351 poi
1453 2303 1491 2339 io
1513 2315 1591 2340 non
1617 2304 1654 2339 lo
1679 2302 1788 2339 uiddi

149 2359 216 2406 piu
233 2361 322 2397 mai.
342 2362 402 2397 De
421 2362 469 2397 V.
487 2362 590 2398 R‚tia
610 2362 758 2408 figliolo
777 2363 964 2409 indegno,

615 2422 678 2458 Io.
697 2422 936 2465 TARQmmo
953 2414 1191 2466 RAYNALDi,
1211 2422 1314 2458 della
1327 2422 1568 2470 Compagnia
1586 2422 1635 2457 de
1654 2422 1789 2468 Jesu».

222 2477 326 2514 Satis
351 2480 454 2515 clare
480 2486 641 2527 apparet
668 2486 979 2526 monumentum,
999 2483 1072 2517 sub
1098 2493 1260 2517 numero
1290 2482 1355 2517 186
1381 2481 1566 2528 positum,
1585 2494 1607 2517 a
1633 2480 1791 2516 librario

151 2536 354 2585 scriptum,
373 2544 414 2574 et
431 2539 480 2574 ad
497 2545 676 2575 sanctum
698 2540 893 2586 Ignatium
919 2540 1081 2576 missum
1099 2540 1236 2585 fuisse3
1255 2541 1329 2576 1100
1346 2546 1491 2587 autem,
1508 2541 1612 2588 quod
1629 2550 1790 2575 numero

158 2594 224 2641 185
242 2601 418 2632 notatum
435 2603 510 2643 est,
529 2598 669 2644 partim
694 2610 716 2634 a
739 2598 909 2645 librario,
928 2598 1067 2646 partim
1091 2599 1140 2634 ab
1166 2598 1257 2645 alio,
1284 2598 1497 2634 verisimile
1524 2600 1573 2634 ab
1597 2598 1682 2645 ipso
1699 2598 1792 2634 Tar-

153 2654 300 2702 quinio,
319 2656 492 2692 additum
510 2657 646 2693 fuisse.

227 2714 365 2751 Exstat
382 2722 585 2762 praeterea
601 2716 707 2753 aliud
721 2718 921 2764 exemplar
933 2718 1198 2764 apographum
1216 2717 1256 2752 in
1272 2718 1350 2753 vol.
1365 2718 1411 2762 E,
1427 2716 1668 2764 quadruplici
1685 2716 1794 2762 folio,

157 2784 200 2808 n.
223 2773 284 2818 28,
302 2774 408 2820 prius
426 2774 551 2820 37-40,
570 2776 674 2823 quod
687 2776 782 2812 nihil
801 2776 924 2812 ferme
941 2777 1138 2824 discrepat
1155 2777 1205 2812 ab
1228 2776 1332 2812 aliis.

228 2833 316 2879 Jam
334 2833 383 2868 ad
404 2833 531 2880 ipsum
554 2835 808 2883 Tarquinium
832 2835 936 2883 quod
953 2835 1109 2882 attinet,
1128 2835 1232 2871 illius
1249 2836 1298 2871 ad
1315 2836 1553 2871 Societatem
1576 2834 1795 2870 certissima

157 2895 198 2926 et
214 2896 398 2927 constans
415 2894 568 2930 vocatio
586 2905 631 2930 ac
648 2900 852 2942 parentum
870 2907 1029 2931 suorum
1046 2895 1356 2942 oppugnationes
1379 2895 1486 2942 prius
1512 2894 1652 2938 factae,
1677 2904 1794 2940 quam

156 2949 223 2986 ille
240 2951 336 2986 haee
355 2951 557 2996 scriberet,
576 2953 823 2990 declarantur
841 2965 863 2989 a
879 2954 1098 2998 POLANCO,
1118 2959 1146 2989 t.
1165 2963 1222 3001 111,
1241 2965 1331 3001 pag.
1349 2953 1475 2999 63-64,
1495 2965 1537 2988 n.
1566 2950 1734 2998 113-114‚
1754 2956 1795 2986 et

155 3020 179 3044 a
195 3009 240 3045 P.
260 3010 404 3046 Lainez
422 3011 503 3046 suis
520 3011 569 3046 ad
592 3012 789 3058 Ignatium
818 3013 975 3059 litteris,
1002 3013 1200 3049 Florentia
1226 3014 1268 3048 16
1292 3012 1536 3060 Septembris
1564 3009 1654 3056 1553
1676 3010 1796 3057 datis,

155 3079 252 3115 quas
270 3070 392 3105 habes
410 3069 450 3105 in
471 3069 618 3106 cartas
631 3072 678 3107 de
694 3071 778 3107 San
791 3072 974 3120 IgnaciO,
994 3077 1023 3108 t.
1043 3081 1084 3118 v,
1103 3084 1192 3120 pag.
1212 3071 1387 3117 513-515.
