2060 3450
799 259 843 296 14
868 251 1070 297 JANUARn
1097 258 1187 296 1555
1676 250 1748 296 513

169 367 287 397 vnus
308 359 378 396 est
400 367 455 397 ex
478 351 778 406 senatoribus,
803 351 881 408 qui
901 351 1047 396 sorori
1068 367 1179 402 suae
1206 352 1252 395 in
1279 354 1366 396 hoc
1388 352 1573 409 negotio
1601 354 1798 396 multum

172 443 225 473 ac
240 429 320 473 diu
340 428 593 472 contrarius
614 429 715 482 fuit,
740 443 767 472 a
788 443 878 484 quo
900 435 945 474 et
965 429 1097 486 virgo
1118 430 1260 473 multa
1280 443 1412 486 passa
1439 436 1522 472 est.
1550 430 1639 472 Iste
1662 430 1801 474 frater

174 513 318 550 totum
341 505 578 549 consilium
599 512 645 549 et
667 505 920 562 superiores
940 505 1278 559 informauerat,
1303 520 1360 549 ne
1381 520 1594 562 vmquam
1616 507 1799 562 permit-

174 590 323 628 terent
343 589 392 626 vt
418 597 501 626 sua
529 597 674 636 soror,
698 582 784 626 ista
811 582 1027 628 Societati
1053 583 1196 636 daret,
1221 583 1472 638 eodemque
1500 582 1573 627 die
1599 583 1796 639 vesperi,

173 661 335 716 plenus
356 659 683 716 indignatione,
703 662 748 703 et
772 659 875 702 vino
891 660 1097 712 obrutus,
1117 660 1175 704 ad
1189 659 1323 703 aedes
1339 658 1532 716 hospitis
1549 659 1636 703 mei
1653 659 1794 712 venit,

170 735 421 794 tragediam
442 751 532 779 non
554 735 776 779 modicam
792 735 1047 789 excitando,
1066 736 1280 791 nullaque
1296 742 1428 779 vtens
1444 735 1635 788 ratione,
1654 735 1798 779 voluit

170 828 242 857 me
263 813 495 866 inuadere,
520 813 638 858 inter
665 820 816 858 cetera
843 812 1014 866 dicens,
1039 827 1088 856 se
1115 813 1247 856 malle
1267 813 1456 869 perdere
1478 827 1612 856 suum
1640 820 1793 869 caput,

169 904 304 946 quam
333 890 455 945 quod
482 889 686 934 Societas
712 889 863 932 locum
891 889 1017 932 illum
1046 890 1247 933 haberet.
1275 890 1478 933 Tandem
1509 890 1566 932 ab
1595 889 1694 933 aliis
1723 905 1796 934 re-

169 972 357 1019 tractus,
381 965 446 1009 sic
468 961 841 1023 indignabundus
867 964 1069 1011 recessit.
1102 966 1260 1010 Altera
1286 965 1359 1009 die
1384 965 1517 1023 virgo
1547 965 1794 1010 amicorum
1819 956 1822 959 ¹

169 1043 360 1087 consilio
378 1042 597 1099 promittit
619 1042 744 1086 fratri
765 1055 794 1098 4
815 1051 998 1087 centum
1021 1057 1198 1096 aureos,
1217 1050 1267 1086 vt
1289 1043 1427 1086 frater
1443 1043 1697 1087 contentari
1712 1058 1795 1087 ve-

169 1119 236 1173 lit;
261 1120 342 1163 sed
363 1120 500 1164 frater
521 1119 677 1164 audire
698 1120 857 1163 noluit.
884 1121 1087 1163 Tandem
1109 1119 1242 1177 virgo
1264 1119 1486 1176 promittit
1507 1120 1549 1164 ei
1566 1121 1592 1162 8
1611 1127 1794 1164 centum

167 1211 348 1249 aureos,
372 1211 462 1252 qua
481 1196 777 1253 promissione
797 1203 1038 1241 contentus
1055 1197 1203 1240 factus
1219 1203 1305 1250 est,
1325 1203 1371 1241 et
1386 1196 1508 1240 misit
1525 1196 1620 1253 ipse
1638 1197 1790 1250 frater,

167 1273 308 1318 altera
328 1273 639 1318 innocentium
665 1274 695 1326 ¹,
720 1274 838 1316 duos
858 1272 1083 1325 scabinos,
1107 1272 1155 1316 in
1171 1287 1364 1329 quorum
1380 1273 1636 1329 praesentia
1652 1281 1698 1318 et
1714 1288 1792 1316 co-

165 1365 261 1394 ram
283 1348 475 1394 testibus
496 1349 627 1406 virgo
647 1349 772 1394 dedit
792 1350 950 1392 domos
973 1363 1077 1393 curn
1099 1349 1200 1392 loco
1216 1351 1279 1394 M.
1301 1349 1585 1393 Theodorico
1607 1349 1792 1393 Canisio

163 1427 221 1470 ad
241 1440 374 1470 vsum
397 1425 635 1471 Societatis
650 1428 776 1485 Jesu.
803 1425 880 1471 Sic
901 1426 1020 1469 enim
1042 1426 1282 1469 videbatur
1308 1425 1464 1469 amicis
1494 1426 1722 1483 expedire,
1747 1434 1794 1470 et

163 1503 377 1560 quicquid
398 1501 463 1546 sic
483 1502 759 1560 Nouiomagi
780 1503 1000 1555 firmatur,
1025 1509 1246 1559 perpetuo
1262 1503 1424 1547 robore
1440 1503 1679 1546 firmatum⁴
1692 1518 1791 1547 ma-,

164 1587 256 1624 net.
294 1580 474 1637 Quibus
501 1579 566 1624 sic
593 1579 786 1636 peractis
801 1612 811 1632 ‚
842 1587 1024 1636 paratur
1056 1579 1278 1636 pecuniae
1305 1594 1410 1636 pars
1438 1579 1607 1632 media,
1643 1581 1792 1625 danda

164 1657 382 1702 absolutis
402 1656 543 1700 literis
563 1656 701 1699 huius
721 1655 916 1699 dationis
937 1669 991 1699 ac
1012 1655 1382 1710 confirmationis;
1407 1657 1593 1701 alteram
1617 1664 1791 1713 partem
1818 1687 1819 1690 ,

162 1734 456 1791 pecuniarum
477 1740 579 1790 post
599 1739 789 1776 mortem
812 1732 1016 1790 virginis,
1041 1740 1147 1777 ante
1162 1732 1434 1776 diuisionem
1450 1734 1674 1777 bonorum
1692 1733 1791 1777 eius

162 1811 364 1855 haberet.
390 1811 518 1854 Haec
540 1809 776 1854 audientes
795 1809 1014 1866 religiosi,
1040 1810 1162 1866 quod
1183 1809 1388 1854 Societas
1409 1809 1684 1867 Nouiomagi
1707 1812 1788 1854 do-

162 1901 287 1931 mum
299 1887 502 1940 haberet,
518 1877 925 1943 supplicationibus
938 1900 992 1929 ac
1008 1885 1106 1930 aliis
1122 1886 1269 1930 modis
1282 1885 1583 1929 informarunt
1597 1887 1654 1930 de
1668 1902 1789 1930 nouo

160 1963 414 2020 superiores
436 1962 648 2015 ciuitatis,
675 1963 815 2006 multa
836 1962 1109 2007 mentientes
1131 1969 1177 2007 et
1197 1962 1417 2006 dicentes:
1442 1962 1492 2008 Si
1514 1963 1788 2008 Societatem

159 2040 233 2084 hic
254 2040 510 2093 admittant,
535 2039 655 2096 ipsos
676 2040 794 2084 velle
815 2039 954 2092 exire,
981 2041 1190 2095 factaque
1217 2046 1286 2083 est
1315 2046 1560 2096 tempestas
1581 2042 1694 2084 haec
1718 2042 1789 2084 2.¹'‘

158 2116 300 2160 maior
320 2116 478 2173 prima.
504 2116 649 2173 Virgo
670 2117 717 2159 in
737 2116 834 2160 dies
855 2116 1001 2173 magis
1028 2116 1305 2160 debilitatur.
1332 2118 1514 2174 Rogant
1545 2117 1677 2160 amici
1700 2119 1790 2162 So—

159 2192 350 2246 cietatis,
375 2208 567 2249 quorum
589 2208 784 2250 magnus
805 2200 1129 2261 est'numerus,
1154 2201 1204 2236 vt
1226 2194 1347 2250 apud
1368 2209 1447 2238 eos
1469 2209 1674 2237 maneam
1697 2196 1786 2238 do-

159 2284 245 2314 nec
265 2269 422 2315 literae
437 2277 620 2327 paratae
636 2269 742 2322 sint,
759 2277 810 2312 vt
826 2269 1133 2314 testimonium
1150 2270 1287 2314 huius
1303 2269 1557 2314 donationis
1579 2272 1789 2314 conferre

159 2347 344 2390 valeam.
365 2349 514 2404 Rogat
530 2354 576 2391 et
590 2347 723 2404 virgo
738 2354 788 2390 vt
805 2346 846 2391 ei
863 2347 910 2389 in
926 2346 1139 2391 extremis
1153 2347 1500 2392 necessitatibus
1517 2347 1611 2391 suis
1627 2348 1787 2392 adesse

159 2422 312 2476 velim,
338 2437 454 2479 quae
475 2423 521 2466 in
543 2438 625 2467 sua
646 2423 908 2467 infirmitate
935 2423 1098 2466 mirum
1126 2423 1173 2467 in
1200 2424 1387 2467 modum
1410 2438 1436 2467 a
1456 2424 1652 2468 Domino
1675 2438 1785 2467 con-

160 2501 303 2544 solata
331 2500 431 2553 suit,
459 2499 631 2545 dicens:
663 2502 712 2544 In
739 2500 833 2545 vita
858 2516 959 2546 mea
986 2515 1218 2556 nunquam
1250 2508 1427 2544 tantum
1455 2500 1610 2557 gaudii
1638 2500 1786 2543 cordis

156 2576 246 2620 mei
266 2576 405 2630 sensi,
429 2591 513 2621 nec
535 2592 747 2634 vmquam
770 2584 860 2620 tam
883 2578 973 2622 leto
1001 2577 1067 2620 fui
1096 2577 1274 2634 spiritu,
1298 2577 1415 2621 sicut
1437 2578 1587 2629 modo,
1613 2578 1788 2621 addens

154 2661 200 2698 et
221 2654 347 2697 illud:
373 2654 465 2698 Sed
487 2653 625 2698 timeo
646 2655 768 2710 quod
788 2654 928 2711 digna
949 2668 1041 2703 non
1062 2654 1147 2697 sim
1170 2654 1282 2699 meis
1302 2654 1446 2697 oculis
1469 2654 1623 2697 videre
1646 2654 1784 2696 vitam

155 2744 207 2774 ac
223 2731 407 2773 modum
424 2729 590 2786 agendi
606 2730 844 2775 Societatis
855 2733 982 2789 Jesu,
1000 2731 1079 2775 sed
1098 2731 1220 2787 quod
1235 2745 1339 2774 cum
1355 2733 1513 2786 Moyse
1530 2730 1785 2773 contentari

152 2876 192 2908 et
209 2883 342 2919 seqq.,
361 2871 428 2907 ubi
446 2872 554 2918 plura
568 2871 616 2907 ad
631 2873 733 2907 hunc
750 2873 878 2908 locum
897 2873 1113 2920 spectantia
1135 2873 1364 2917 afferuntur3
1391 2883 1517 2919 neque
1546 2871 1650 2908 enim
1668 2878 1783 2908 vacat

153 2931 294 2967 iterum
311 2936 505 2977 repetere,
521 2942 620 2977 quae
638 2930 692 2966 ibi
710 2931 814 2968 dicta
828 2926 912 2978 jam'
926 2931 1053 2967 fuere.

223 2989 235 3011 ¹
285 2990 476 3026 Nimirum
495 2989 559 3025 die
573 2989 674 3045 fest-0
692 2996 912 3026 sanctorum
930 2991 1216 3038 Innocentium,
1237 2991 1281 3027 28
1296 2990 1539 3027 Decembris.
1560 2991 1781 3037 POLANCO,

153 3054 183 3086 t.
202 3058 244 3097 v,
262 3061 352 3097 pag.
373 3049 454 3094 278,
474 3061 512 3085 n.
533 3048 619 3094 763.

335 3114 527 3143 Emsrouss
545 3114 690 3150 Mlxuz,
711 3121 790 3143 ‘rou-
812 3122 861 3143 ιν.
1561 3115 1598 3143 33
