2054 3496
864 248 886 275 2
912 239 1067 276 Mam-11
1095 247 1186 286 1554
1722 242 1768 288 85

943 479 1055 521 ⁷²3

697 575 1028 614 FRANCISCUS
1054 577 1286 615 PALMIUS

489 662 692 718 [PATRI
717 661 949 720 JOANNI
979 662 1063 705 DE
1098 662 1402 707 POLANCO
1435 662 1499 723 (?)]

708 763 898 792 ΒοΝοΝΙΑ
923 764 945 790 2
969 763 1114 792 MARTn
1141 763 1233 801 1554
1249 758 1276 792 ¹.

172 837 234 873 De
263 838 348 874 loco
377 837 521 874 scholis
549 839 694 875 nostris
724 850 769 874 ac
798 838 916 874 sociis
943 838 1411 886 comparand0.-Aedes
1441 839 1491 876 ad
1520 839 1594 876 Sti.
1627 840 1810 877 Andreae

651 897 856 946 ipsumque
874 899 1062 946 templum
1079 899 1324 946 perplacent.

920 981 1056 1075 Jegus

263 1113 360 1155 Pax
381 1110 459 1156 X.i
484 1111 543 1155 sit
563 1126 740 1169 semper
760 1112 1013 1156 nobiscum.
1039 1113 1223 1158 Amen.⁸
1237 1114 1302 1157 Le
1331 1129 1417 1159 sue
1441 1115 1499 1160 de
1521 1127 1579 1170 24
1605 1114 1807 1160 riceues-

167 1187 286 1232 simo
307 1188 495 1234 insieme
525 1203 612 1233 con
631 1189 674 1246 le
703 1203 857 1234 nuoue
878 1190 984 1233 dell’
1012 1189 1153 1243 Indie,
1184 1190 1226 1234 16
1257 1191 1379 1246 quali
1400 1191 1442 1235 ei
1474 1193 1605 1236 forno
1636 1191 1805 1249 gratis-

168 1264 298 1309 sime.

257 1340 391 1386 Circa
411 1342 486 1385 del
507 1343 655 1386 Padre
675 1343 983 1387 commissario
1004 1344 1020 1364 ²
1044 1350 1214 1399 quanto
1236 1345 1279 1388 al
1298 1351 1478 1389 catarro
1494 1352 1566 1389 sta
1581 1360 1709 1390 come
1725 1361 1800 1390 so-

163 1419 282 1462 leua.
308 1419 622 1464 Communicai
638 1435 665 1464 a
680 1434 763 1464 sua
784 1422 838 1464 R.
860 1420 891 1463 il
909 1419 1103 1478 capitolo
1121 1422 1206 1465 che
1226 1436 1359 1478 sopra
1375 1421 1421 1465 di
1449 1421 1513 1465 lui
1534 1422 1596 1465 mi
1617 1422 1796 1476 scrisse,

159 1495 206 1539 al
226 1496 333 1551 qual
354 1497 490 1540 credo
512 1498 597 1540 che
618 1497 710 1554 egli
732 1496 1010 1554 rispondera.

213 1625 219 1631 ,
251 1574 437 1629 Quanto
458 1589 485 1617 a
505 1573 690 1631 signore
727 1575 928 1628 Andrea,
969 1581 1130 1630 questa
1158 1575 1398 1619 settimana
1420 1575 1486 1619 fui
1523 1591 1549 1619 a
1586 1576 1726 1621 ueder
1754 1577 1797 1620 13

157 1663 281 1703 casa,
306 1651 349 1693 la
371 1651 491 1706 qual,
533 1665 662 1696 come
697 1652 877 1705 scrisse,
907 1659 978 1696 sta
1014 1651 1059 1695 in
1098 1651 1378 1696 buonissimo
1404 1652 1585 1696 luocho.
1627 1654 1702 1696 Ha
1733 1667 1796 1696 un

151 1726 319 1787 ‘cortile
340 1727 458 1771 assai
479 1728 668 1784 grande,
693 1735 740 1772 et
760 1729 818 1772 da
843 1742 896 1774 10
917 1735 1074 1772 stanze
1096 1728 1352 1772 frabricate.
1372 1730 1439 1773 La
1455 1729 1608 1774 chiesa
1623 1730 1791 1773 buona.

161 1804 292 1849 Nella
308 1818 412 1855 casa
433 1805 551 1850 della
567 1805 736 1859 chiesa,
761 1820 854 1849 non
875 1805 913 1849 si
932 1807 1156 1863 potrebon
1173 1806 1240 1849 far
1256 1806 1394 1860 scole,
1414 1821 1551 1850 senza
1566 1806 1793 1850 discomo-

156 1880 268 1924 dita:
292 1896 380 1938 pur
402 1881 453 1926 ui
484 1896 597 1926 sono
618 1898 642 1927 a
672 1891 807 1927 canto
829 1896 854 1927 2
892 1897 996 1928 case
1033 1882 1250 1928 uendibili
1286 1890 1332 1927 et
1353 1883 1577 1937 afittabili,
1607 1884 1649 1927 16
1670 1883 1793 1940 quali

156 1965 361 2014 potremo
378 1960 552 2003 condur
573 1961 630 2004 ad
651 1961 794 2014 afitto,
814 1975 842 2004 o
863 1975 1069 2017 comprar
1085 1961 1157 2004 001
1172 1967 1340 2017 tempo,
1366 1974 1495 2005 come
1516 1959 1558 2003 ci
1573 1962 1732 2017 patera
1754 1961 1786 2004 ³.

243 2035 301 2078 Et
317 2050 390 2079 ma
406 2036 532 2080 detto
553 2035 586 2079 il
600 2036 786 2094 signore
795 2039 911 2095 Joan
930 2036 1132 2081 Antonio
1148 2035 1322 2090 Grassi,
1343 2038 1427 2081 che
1445 2037 1557 2094 ogni
1574 2037 1699 2081 uolta
1714 2037 1789 2081 noi

147 2125 350 2165 uoremo,
375 2112 418 2155 ci
439 2114 533 2156 fara
564 2115 704 2158 hauer
726 2129 818 2157 una
832 2113 878 2157 di
900 2121 1060 2170 queste
1083 2126 1107 2157 2
1126 2127 1246 2166 case,
1266 2112 1401 2170 quale
1422 2115 1448 2157 e
1469 2114 1512 2158 la
1528 2113 1706 2171 magior
1741 2121 1788 2159 et

148 2186 230 2244 pisi
251 2190 506 2243 commoda,
532 2205 559 2233 0
580 2190 628 2234 in
650 2191 850 2245 uendita,
876 2206 904 2234 o
922 2191 978 2235 ad
1000 2191 1159 2244 affitto,
1180 2205 1267 2234 con
1287 2190 1398 2247 ogni
1414 2190 1686 2234 commodita
1701 2205 1785 2234 no—

149 2271 248 2327 stra,
265 2265 311 2309 di
332 2266 461 2323 pot'er
492 2282 634 2324 pagar
663 2267 696 2310 il
727 2283 877 2324 prezo.
913 2269 1090 2325 Questo
1121 2268 1287 2311 luocho
1309 2283 1335 2311 a
1356 2283 1429 2313 me
1460 2274 1784 2312 sommamente

152 2341 294 2397 piace,
319 2358 399 2400 per
420 2358 544 2389 esser
564 2345 638 2389 nel
661 2359 817 2389 mezzo
839 2346 957 2398 della
977 2345 1088 2389 citta
1108 2345 1243 2390 et·fra
1264 2346 1308 2388 la
1328 2344 1532 2388 nobilita.
1559 2346 1676 2388 Pero
1698 2359 1784 2388 son

147 2418 198 2461 di
218 2434 350 2475 parer
371 2421 456 2464 che
477 2421 721 2465 dobbiamo
743 2422 810 2465 far
832 2421 943 2479 ogni
964 2436 1071 2465 cosa
1092 2437 1173 2478 per
1192 2422 1391 2466 hauerla.

238 2487 298 2539 Di
314 2511 469 2540 nuouo
485 2499 544 2540 ho
559 2499 734 2554 parlato
750 2499 821 2542 001
837 2499 994 2555 signor
1016 2499 1227 2547 Polidoro
1249 2497 1436 2542 Castelli
1455 2504 1501 2559 et
1522 2499 1581 2539 m'
1601 2498 1660 2539 ha
1680 2497 1783 2541 det—

149 2578 196 2616 to
211 2586 340 2616 come
362 2574 475 2617 altra
499 2575 620 2619 uolta
641 2577 700 2619 ha
715 2576 888 2632 parlato
908 2576 980 2619 001
1001 2589 1084 2618 suo
1101 2582 1282 2632 nepote,
1308 2581 1354 2620 et
1375 2576 1447 2617 ch'
1472 2575 1497 2617 6
1513 2572 1713 2630 disposto
1735 2572 1781 2615 di

144 2648 284 2692 lassat
305 2650 348 2693 13
378 2650 531 2695 chiesa
552 2650 598 2694 in
630 2660 791 2708 questo
818 2653 968 2696 modo.
1006 2652 1161 2695 Primo
1193 2653 1279 2696 che
1308 2651 1412 2696 uole
1446 2665 1535 2693 una
1561 2649 1780 2706 pensione

144 2725 436 2780 equiualente
452 2743 480 2772 a
494 2729 525 2771 1’
544 2729 709 2773 intrata
724 2730 842 2773 della
863 2729 1031 2783 chiesa,
1052 2731 1124 2773 ch’
1142 2728 1401 2786 importera,
1427 2741 1556 2771 come
1577 2725 1637 2768 mi
1659 2725 1776 2780 dice,

211 2866 224 2887 ¹
274 2867 332 2902 Ex
350 2870 590 2916 autographo
608 2869 648 2906 in
665 2872 743 2906 vol.
764 2872 810 2918 E,
831 2871 944 2907 unico
963 2871 1069 2917 folio,
1088 2883 1128 2906 n.
1147 2878 1208 2915 47,
1228 2869 1335 2917 prius
1354 2869 1416 2914 76.

189 2965 193 2969 ⁴
213 2927 227 2947 ¹
277 2926 450 2972 Joannes
466 2929 552 2964 Bta.
572 2929 700 2965 Viola.
718 2931 938 2976 POLANCO,
958 2936 986 2967 t.
1006 2939 1062 2976 Ν,
1081 2941 1175 2978 pag.
1202 2929 1284 2976 108,
1302 2941 1342 2964 n.
1362 2927 1449 2963 206.

215 2985 230 3005 ³
279 2984 380 3021 Vide
402 2985 450 3022 de
473 2987 545 3022 hac
566 2999 610 3023 re
636 2988 854 3034 POLANCO,
873 2995 902 3026 t.
922 2999 978 3034 1v,
997 3001 1087 3037 pag.
1110 2997 1192 3035 115,
1212 3001 1251 3024 n.
1277 2996 1364 3023 222.
1387 2986 1553 3031 Ibidem,
1572 2995 1665 3032 pag.
1692 2992 1777 3029 114,

141 3054 183 3081 n.
203 3052 268 3079 221
289 3055 417 3080 sermo
434 3045 478 3081 fit
495 3045 544 3081 de
562 3046 671 3094 viris,
688 3058 785 3095 quos
802 3048 843 3084 in
860 3049 1025 3096 epistola
1042 3047 1213 3084 Palmius
1231 3050 1526 3084 commemorat.
