2014 3476
783 307 910 350 MAJO'
930 310 1022 352 1554
1603 307 1672 343 163

74 413 229 470 eierto
257 412 335 457 del·
366 425 456 472 pan
494 424 582 466 que
619 424 702 454 nos
739 412 875 454 venia
905 413 932 453 a
962 409 1155 467 repartir
1182 417 1261 454 tan
1289 410 1574 455 neccessario
1610 424 1720 467 para

80 496 267 536 nuestra
293 487 619 544 sustentacgibn.
653 487 798 545 Plega
828 490 855 530 a
881 487 926 530 la
953 481 1111 531 diuina
1136 487 1321 531 bondad
1349 496 1557 544 sepamos
1585 494 1720 544 agra-

74 568 240 624 desgter
257 564 523 619 tanto‘bien,
541 578 651 622 para
672 578 762 621 que
782 577 843 607 no
863 562 1132 621 impidamos
1153 578 1233 609 sus
1249 578 1458 621 mayores
1472 564 1615 609 dones
1629 577 1723 608 -eon

76 650 272 688 *nuestro
298 641 807 700 desagradescimiento‚
837 641 881 685 el
902 641 1010 697 qual
1036 640 1108 685 sin
1135 641 1258 685 duda
1285 656 1343 686 en
1371 648 1584 685 nosotros
1606 645 1729 686 seria·

83 724 189 765 mas
202 721 260 765 de
281 721 455 778 culpar,
478 734 536 765 en
565 726 736 776 quanto
756 719 802 763 la
827 719 1010 775 mereed
1032 733 1059 762 a
1085 718 1186 762 sido
1212 719 1372 772 maior,
1402 734 1433 776 y
1454 733 1537 776 por
1558 719 1621 762 tal
1642 733 1722 762 co·

85 797 287 854 nosqida.
864 795 870 800 ’

171 876 230 919 V.
272 876 327 919 P.
367 873 472 931 pida
506 875 550 918 al
584 874 745 926 Sefior,
786 887 875 929 que
912 879 1004 917 tam
1041 872 1199 918 liberal
1237 886 1287 918 se
1317 888 1344 916 a
1372 873 1602 917 mostrado
1635 887 1726 916 eon

80 958 310 1007 nosotros,
334 952 377 995 la
393 950 548 1009 graqia
569 965 599 1007 y
618 950 840 1003 virtudeS,
859 962 969 1007 para
989 954 1218 1007 que'est‘os
1234 964 1316 995 sus
1334 950 1461 1007 hijos·
1473 965 1531 995 en
1553 951 1595 995 el
1614 950 1724 994 mis-

83 1043 158 1073 mo
186 1030 335 1074 Sefior
360 1028 641 1084 cumplamos
668 1041 723 1071 su
751 1026 1035 1071 sanctissima
1056 1028 1277 1072 voluntad
1305 1027 1501 1084 siempre
1528 1031 1555 1070 a
1583 1027 1727 1071 maior

81 1106 231 1164 :gloria
251 1121 381 1162 suya.
407 1106 560 1149 Todos
580 1112 702 1149 estos
723 1119 803 1149 sus
823 1104 941 1161 hijos
956 1104 1357 1162 particularmente
1373 1104 1511 1162 piden
1528 1111 1628 1148 esto
1645 1119 1727 1161 por

85 1184 237 1240 aqud,
262 1197 344 1240 por
365 1181 502 1238 quien
524 1183 582 1226 V.
610 1183 658 1226 P.
684 1196 717 1225 a·
734 1182 917 1226 tomado
938 1182 980 1226 el
1002 1181 1200 1226 cuidado
1216 1182 1275 1227 de
1292 1182 1442 1235 todos,
1462 1182 1538 1226 cui
1561 1182 1626 1226 sit'
1641 1184 1725 1226 ho*-

89 1274 173 1304 nor
193 1267 240 1306 et
261 1259 406 1318 gloria
427 1259 474 1302 in
496 1259 650 1304 secula
672 1260 947 1304 seculorum.

175 1337 324 1381 Manu
353 1337 564 1393 propria:
599 1338 672 1381 De
694 1337 752 1380 V.
794 1338 846 1381 P.
888 1335 1184 1393 indignisimo
1221 1335 1375 1381 sieruo
1414 1350 1472 1380 en
1499 1337 1542 1380 el
1580 1337 1728 1381 Sefior

89 1421 296 1468 nuestro,

949 1530 952 1533 ,
1019 1489 1049 1548 †
1074 1491 1202 1549 JUAN
1234 1491 1486 1535 XUAREZ.»

174 1569 436 1625 Inscriptio:
474 1568 600 1626 JHS.
637 1568 697 1611 Αἱ
730 1581 840 1624 muy
871 1567 990 1611 Rdo.
1029 1581 1087 1612 en
1124 1566 1309 1612 Christo
1346 1574 1535 1612 nuestro
1572 1573 1726 1620 senor,

83 1652 273 1699 nuestro
297 1646 446 1690 Padre
467 1647 602 1689 Mtro.
635 1644 836 1702 Ignacio,
861 1643 1090 1702 prepdsito
1118 1645 1305 1702 general
1331 1645 1390 1688 de
1410 1645 1454 1688 la
1476 1645 1729 1701 Compafiia

84 1723 149 1768 de
162 1723 311 1782 JHS.,
336 1737 395 1767 en
417 1724 576 1766 Roma.

179 1801 289 1845 Alia
309 1814 469 1844 manu:
491 1802 544 1844 P.
570 1801 631 1844 Io.
658 1801 846 1845 Suarez.

859 2052 984 2095 8⁰3

633 2156 874 2204 JOANNES
892 2156 1186 2194 GUTTANUS

479 2254 666 2298 PATRI
701 2253 916 2298 PAULO
949 2253 1032 2296 DE
1064 2253 1356 2297 ACHILLIS

591 2373 742 2402 Gssnms
763 2373 905 2402 MENSE
938 2374 1046 2409 MAJO
1084 2373 1175 2411 1554
1208 2364 1236 2402 ¹.

446 2463 557 2510 Quos
590 2461 762 2510 perferat
795 2461 838 2499 in
872 2473 943 2497 sua
976 2460 1171 2497 servitute
1205 2462 1378 2497 labores.

871 2545 970 2640 Jgs.

188 2679 283 2721 Pax
314 2676 410 2731 X.i,
444 2683 532 2721 ete.
566 2678 714 2722 Padre
747 2691 868 2734 myo.
904 2677 977 2721 No
1008 2691 1144 2734 posso
1181 2676 1343 2721 scriuir
1389 2677 1433 2720 lo
1467 2691 1556 2732 que
1590 2676 1739 2720 siento

96 2819 223 2868 Aprili
245 2824 417 2855 exeunte
440 2824 507 2855 aut
530 2819 682 2856 oriente
700 2819 818 2866 Majo,
837 2824 1036 2855 exaratam
1054 2818 1192 2855 fuisse.
1218 2818 1281 2856 Cf.
1314 2818 1436 2865 infra,
1462 2818 1581 2865 epist.
1611 2817 1739 2853 Patris

92 2879 237 2915 Ten-es
255 2877 463 2913 Cordubae
482 2886 523 2913 21
545 2877 637 2925 Maji
657 2878 807 2914 datam.

167 2940 179 2961 ¹
230 2937 289 2972 Ex
303 2937 545 2983 autographo
564 2937 603 2973 in
621 2939 699 2974 vol.
718 2937 764 2982 E,
784 2937 900 2973 unico
918 2936 1011 2973 folio
1028 2943 1106 2973 non
1125 2936 1297 2984 integro,
1316 2949 1355 2973 n.
1380 2945 1460 2982 159,
1477 2935 1582 2982 prius
1598 2933 1686 2981 398.

100 2998 260 3033 «Mense
279 2995 398 3043 Junio
415 2995 559 3032 dictum
585 2995 661 3033 fuit
682 2996 887 3033 Messanae
911 3008 934 3032 a
956 2996 1139 3044 quodam,
1164 2996 1231 3044 qui
1255 2996 1369 3032 simul
1396 3007 1483 3031 cum
1509 2995 1557 3030 P.
1589 2995 1741 3040 Joanne

100 3057 278 3093 Guttano
307 3055 348 3091 in
378 3054 518 3091 biremi
547 3055 711 3103 quadam
741 3055 884 3101 fuerat,
915 3055 1020 3103 quod
1049 3061 1215 3103 quatuor
1243 3061 1334 3091 ante
1358 3065 1514 3089 menses
1545 3052 1585 3088 in
1616 3052 1743 3089 insula

102 3116 270 3152 Sanctae
288 3115 446 3151 Maurae
464 3120 622 3162 propter
639 3115 818 3150 morbum
841 3116 891 3151 ab
909 3126 957 3151 eo
980 3114 1158 3161 relictus,
1183 3114 1249 3162 qui
1273 3114 1322 3150 de
1346 3125 1461 3149 manu
1487 3112 1635 3159 piratae
1653 3124 1743 3148 eum
