<?xml version="1.0" encoding="UTF-8"?>
<!DOCTYPE html PUBLIC "-//W3C//DTD XHTML 1.0 Transitional//EN"
    "http://www.w3.org/TR/xhtml1/DTD/xhtml1-transitional.dtd">
<html xmlns="http://www.w3.org/1999/xhtml" xml:lang="en" lang="en">
 <head>
  <title>
</title>
<meta http-equiv="Content-Type" content="text/html;charset=utf-8" />
  <meta name='ocr-system' content='tesseract 3.04.00' />
  <meta name='ocr-capabilities' content='ocr_page ocr_carea ocr_par ocr_line ocrx_word'/>
</head>
<body>
  <div class='ocr_page' id='page_1' title='image "./epistolaemixtaee04matruoft_0259.png"; bbox 0 0 2034 3476; ppageno 0'>
   <div class='ocr_carea' id='block_1_1' title="bbox 842 246 1768 294">
    <p class='ocr_par' dir='ltr' id='par_1_1' title="bbox 842 246 1768 294">
     <span class='ocr_line' id='line_1_1' title="bbox 842 246 1768 294; baseline 0.003 -13"><span class='ocrx_word' id='word_1_1' title='bbox 842 254 883 281; x_wconf 88' lang='lat'>21</span> <span class='ocrx_word' id='word_1_2' title='bbox 912 246 1022 292; x_wconf 71' lang='lat' dir='ltr'>Jutn</span> <span class='ocrx_word' id='word_1_3' title='bbox 1050 254 1143 291; x_wconf 84' lang='lat'>1554</span> <span class='ocrx_word' id='word_1_4' title='bbox 1699 247 1768 294; x_wconf 87' lang='lat'>253</span> 
     </span>
    </p>
   </div>
   <div class='ocr_carea' id='block_1_2' title="bbox 171 345 1816 942">
    <p class='ocr_par' dir='ltr' id='par_1_2' title="bbox 171 345 1816 942">
     <span class='ocr_line' id='line_1_2' title="bbox 177 345 1816 407; baseline 0.002 -17"><span class='ocrx_word' id='word_1_5' title='bbox 177 354 348 403; x_wconf 86' lang='lat' dir='ltr'>quanto</span> <span class='ocrx_word' id='word_1_6' title='bbox 374 346 454 402; x_wconf 76' lang='lat' dir='ltr'>piu</span> <span class='ocrx_word' id='word_1_7' title='bbox 474 345 839 391; x_wconf 88' lang='lat' dir='ltr'>cristianamente</span> <span class='ocrx_word' id='word_1_8' title='bbox 860 346 926 391; x_wconf 86' lang='lat' dir='ltr'>sia</span> <span class='ocrx_word' id='word_1_9' title='bbox 947 346 1177 403; x_wconf 90' lang='lat' dir='ltr'>possibile.</span> <span class='ocrx_word' id='word_1_10' title='bbox 1203 348 1262 390; x_wconf 91' lang='lat' dir='ltr'>Et</span> <span class='ocrx_word' id='word_1_11' title='bbox 1290 347 1436 405; x_wconf 84' lang='lat' dir='ltr'>hoggi</span> <span class='ocrx_word' id='word_1_12' title='bbox 1464 347 1526 390; x_wconf 90' lang='lat' dir='ltr'>mi</span> <span class='ocrx_word' id='word_1_13' title='bbox 1549 354 1714 392; x_wconf 91' lang='lat' dir='ltr'>truouo</span> <span class='ocrx_word' id='word_1_14' title='bbox 1736 350 1816 407; x_wconf 80' lang='lat' dir='ltr'>piu</span> 
     </span>
     <span class='ocr_line' id='line_1_3' title="bbox 176 422 1816 482; baseline 0.001 -14"><span class='ocrx_word' id='word_1_15' title='bbox 176 431 393 468; x_wconf 89' lang='lat' dir='ltr'>contento</span> <span class='ocrx_word' id='word_1_16' title='bbox 420 425 505 467; x_wconf 89' lang='lat' dir='ltr'>che</span> <span class='ocrx_word' id='word_1_17' title='bbox 538 422 570 465; x_wconf 93' lang='lat' dir='ltr'>il</span> <span class='ocrx_word' id='word_1_18' title='bbox 595 423 740 479; x_wconf 90' lang='lat' dir='ltr'>primo</span> <span class='ocrx_word' id='word_1_19' title='bbox 770 423 818 468; x_wconf 87' lang='lat' dir='ltr'>di</span> <span class='ocrx_word' id='word_1_20' title='bbox 853 422 899 467; x_wconf 92' lang='lat' dir='ltr'>di</span> <span class='ocrx_word' id='word_1_21' title='bbox 927 424 1114 468; x_wconf 85' lang='lat' dir='ltr'>hauerla</span> <span class='ocrx_word' id='word_1_22' title='bbox 1146 431 1397 482; x_wconf 82' lang='lat' dir='ltr'>comprata,</span> <span class='ocrx_word' id='word_1_23' title='bbox 1437 424 1484 468; x_wconf 85' lang='lat' dir='ltr'>et</span> <span class='ocrx_word' id='word_1_24' title='bbox 1521 424 1743 482; x_wconf 86' lang='lat' dir='ltr'>ringratio</span> <span class='ocrx_word' id='word_1_25' title='bbox 1783 427 1816 470; x_wconf 94' lang='lat' dir='ltr'>il</span> 
     </span>
     <span class='ocr_line' id='line_1_4' title="bbox 177 500 1812 558; baseline 0.001 -13"><span class='ocrx_word' id='word_1_26' title='bbox 177 501 335 558; x_wconf 87' lang='lat' dir='ltr'>signor</span> <span class='ocrx_word' id='word_1_27' title='bbox 354 500 460 553; x_wconf 89' lang='lat' dir='ltr'>Dio,</span> <span class='ocrx_word' id='word_1_28' title='bbox 485 502 570 544; x_wconf 90' lang='lat' dir='ltr'>che</span> <span class='ocrx_word' id='word_1_29' title='bbox 592 500 654 552; x_wconf 84' lang='lat' dir='ltr'>mi</span> <span class='ocrx_word' id='word_1_30' title='bbox 675 502 734 544; x_wconf 84' lang='lat' dir='ltr'>ha</span> <span class='ocrx_word' id='word_1_31' title='bbox 757 500 974 558; x_wconf 87' lang='lat' dir='ltr'>inspirato</span> <span class='ocrx_word' id='word_1_32' title='bbox 995 516 1022 545; x_wconf 86' lang='lat' dir='ltr'>a</span> <span class='ocrx_word' id='word_1_33' title='bbox 1040 508 1225 557; x_wconf 87' lang='lat' dir='ltr'>questo,</span> <span class='ocrx_word' id='word_1_34' title='bbox 1258 508 1304 546; x_wconf 90' lang='lat' dir='ltr'>et</span> <span class='ocrx_word' id='word_1_35' title='bbox 1324 503 1383 546; x_wconf 91' lang='lat' dir='ltr'>V.</span> <span class='ocrx_word' id='word_1_36' title='bbox 1407 503 1462 545; x_wconf 90' lang='lat' dir='ltr'>R.</span> <span class='ocrx_word' id='word_1_37' title='bbox 1489 504 1574 545; x_wconf 89' lang='lat' dir='ltr'>che</span> <span class='ocrx_word' id='word_1_38' title='bbox 1591 517 1663 546; x_wconf 90' lang='lat' dir='ltr'>me</span> <span class='ocrx_word' id='word_1_39' title='bbox 1688 503 1730 546; x_wconf 91' lang='lat' dir='ltr'>ci</span> <span class='ocrx_word' id='word_1_40' title='bbox 1753 505 1812 547; x_wconf 84' lang='lat' dir='ltr'>ha</span> 
     </span>
     <span class='ocr_line' id='line_1_5' title="bbox 176 568 1813 635; baseline 0.001 -13"><span class='ocrx_word' id='word_1_41' title='bbox 176 584 398 631; x_wconf 87' lang='lat' dir='ltr'>exortato,</span> <span class='ocrx_word' id='word_1_42' title='bbox 416 578 503 621; x_wconf 88' lang='lat' dir='ltr'>alla</span> <span class='ocrx_word' id='word_1_43' title='bbox 519 568 652 633; x_wconf 66' lang='lat' dir='ltr'>quale</span> <span class='ocrx_word' id='word_1_44' title='bbox 668 592 755 621; x_wconf 92' lang='lat' dir='ltr'>son</span> <span class='ocrx_word' id='word_1_45' title='bbox 770 585 888 622; x_wconf 91' lang='lat' dir='ltr'>stato</span> <span class='ocrx_word' id='word_1_46' title='bbox 900 591 1079 635; x_wconf 68' lang='lat' dir='ltr'>sempre</span> <span class='ocrx_word' id='word_1_47' title='bbox 1091 578 1277 631; x_wconf 91' lang='lat' dir='ltr'>deuoto,</span> <span class='ocrx_word' id='word_1_48' title='bbox 1296 585 1343 623; x_wconf 90' lang='lat' dir='ltr'>et</span> <span class='ocrx_word' id='word_1_49' title='bbox 1364 579 1491 622; x_wconf 81' lang='lat' dir='ltr'>sarto</span> <span class='ocrx_word' id='word_1_50' title='bbox 1513 579 1813 624; x_wconf 88' lang='lat' dir='ltr'>deuotissimo</span> 
     </span>
     <span class='ocr_line' id='line_1_6' title="bbox 177 654 1814 702; baseline 0.001 -3"><span class='ocrx_word' id='word_1_51' title='bbox 177 661 224 699; x_wconf 92' lang='lat' dir='ltr'>et</span> <span class='ocrx_word' id='word_1_52' title='bbox 255 654 534 699; x_wconf 82' lang='lat' dir='ltr'>deditissimo</span> <span class='ocrx_word' id='word_1_53' title='bbox 570 661 746 698; x_wconf 81' lang='lat' dir='ltr'><strong>mentre</strong></span> <span class='ocrx_word' id='word_1_54' title='bbox 777 654 949 700; x_wconf 79' lang='lat' dir='ltr'>uiuero.</span> <span class='ocrx_word' id='word_1_55' title='bbox 981 655 1087 700; x_wconf 94' lang='lat' dir='ltr'>Alle</span> <span class='ocrx_word' id='word_1_56' title='bbox 1117 654 1192 699; x_wconf 91' lang='lat' dir='ltr'>cui</span> <span class='ocrx_word' id='word_1_57' title='bbox 1220 655 1414 699; x_wconf 84' lang='lat' dir='ltr'>orationi</span> <span class='ocrx_word' id='word_1_58' title='bbox 1454 670 1541 699; x_wconf 90' lang='lat' dir='ltr'>con</span> <span class='ocrx_word' id='word_1_59' title='bbox 1571 657 1613 699; x_wconf 87' lang='lat' dir='ltr'>la</span> <span class='ocrx_word' id='word_1_60' title='bbox 1659 656 1814 702; x_wconf 84' lang='lat' dir='ltr'>debita</span> 
     </span>
     <span class='ocr_line' id='line_1_7' title="bbox 175 730 1814 786; baseline 0.002 -12"><span class='ocrx_word' id='word_1_61' title='bbox 175 730 382 775; x_wconf 62' lang='lat' dir='ltr'>humilita</span> <span class='ocrx_word' id='word_1_62' title='bbox 409 731 456 774; x_wconf 94' lang='lat' dir='ltr'>di</span> <span class='ocrx_word' id='word_1_63' title='bbox 487 731 706 775; x_wconf 90' lang='lat' dir='ltr'>continuo</span> <span class='ocrx_word' id='word_1_64' title='bbox 736 731 797 775; x_wconf 91' lang='lat' dir='ltr'>mi</span> <span class='ocrx_word' id='word_1_65' title='bbox 826 733 1139 786; x_wconf 83' lang='lat' dir='ltr'>raccomando,</span> <span class='ocrx_word' id='word_1_66' title='bbox 1165 739 1211 777; x_wconf 90' lang='lat' dir='ltr'>et</span> <span class='ocrx_word' id='word_1_67' title='bbox 1239 732 1449 776; x_wconf 89' lang='lat' dir='ltr'>desidero</span> <span class='ocrx_word' id='word_1_68' title='bbox 1472 735 1557 776; x_wconf 87' lang='lat' dir='ltr'>che</span> <span class='ocrx_word' id='word_1_69' title='bbox 1595 733 1626 776; x_wconf 94' lang='lat' dir='ltr'>il</span> <span class='ocrx_word' id='word_1_70' title='bbox 1654 741 1814 778; x_wconf 91' lang='lat' dir='ltr'>nostro</span> 
     </span>
     <span class='ocr_line' id='line_1_8' title="bbox 173 808 1815 867; baseline 0.002 -15"><span class='ocrx_word' id='word_1_71' title='bbox 173 808 331 865; x_wconf 84' lang='lat' dir='ltr'>signor</span> <span class='ocrx_word' id='word_1_72' title='bbox 356 808 445 852; x_wconf 93' lang='lat' dir='ltr'>Dio</span> <span class='ocrx_word' id='word_1_73' title='bbox 471 808 540 853; x_wconf 92' lang='lat' dir='ltr'>cie</span> <span class='ocrx_word' id='word_1_74' title='bbox 567 810 609 851; x_wconf 89' lang='lat' dir='ltr'>la</span> <span class='ocrx_word' id='word_1_75' title='bbox 635 809 845 854; x_wconf 89' lang='lat' dir='ltr'>conserui</span> <span class='ocrx_word' id='word_1_76' title='bbox 874 809 980 854; x_wconf 87' lang='lat' dir='ltr'>uiua</span> <span class='ocrx_word' id='word_1_77' title='bbox 1001 817 1048 853; x_wconf 92' lang='lat' dir='ltr'>et</span> <span class='ocrx_word' id='word_1_78' title='bbox 1069 824 1180 853; x_wconf 83' lang='lat' dir='ltr'>sana</span> <span class='ocrx_word' id='word_1_79' title='bbox 1199 810 1340 867; x_wconf 85' lang='lat' dir='ltr'>longo</span> <span class='ocrx_word' id='word_1_80' title='bbox 1364 817 1533 866; x_wconf 84' lang='lat' dir='ltr'>tempo.</span> <span class='ocrx_word' id='word_1_81' title='bbox 1566 811 1617 853; x_wconf 92' lang='lat' dir='ltr'>In</span> <span class='ocrx_word' id='word_1_82' title='bbox 1640 810 1815 856; x_wconf 92' lang='lat' dir='ltr'>Tibure</span> 
     </span>
     <span class='ocr_line' id='line_1_9' title="bbox 171 885 1595 942; baseline 0.001 -13"><span class='ocrx_word' id='word_1_83' title='bbox 171 885 247 930; x_wconf 87' lang='lat' dir='ltr'>alli</span> <span class='ocrx_word' id='word_1_84' title='bbox 268 885 344 929; x_wconf 88' lang='lat' dir='ltr'>xix</span> <span class='ocrx_word' id='word_1_85' title='bbox 360 885 406 928; x_wconf 93' lang='lat' dir='ltr'>di</span> <span class='ocrx_word' id='word_1_86' title='bbox 428 885 593 942; x_wconf 86' lang='lat' dir='ltr'>Luglio</span> <span class='ocrx_word' id='word_1_87' title='bbox 616 896 742 941; x_wconf 86' lang='lat'><strong>1554.</strong></span> <span class='ocrx_word' id='word_1_88' title='bbox 767 885 827 929; x_wconf 92' lang='lat' dir='ltr'>Di</span> <span class='ocrx_word' id='word_1_89' title='bbox 850 887 906 930; x_wconf 93' lang='lat' dir='ltr'>V.</span> <span class='ocrx_word' id='word_1_90' title='bbox 933 888 988 930; x_wconf 90' lang='lat' dir='ltr'>R.</span> <span class='ocrx_word' id='word_1_91' title='bbox 1014 887 1063 931; x_wconf 91' lang='lat' dir='ltr'>S.</span> <span class='ocrx_word' id='word_1_92' title='bbox 1084 886 1369 931; x_wconf 83' lang='lat' dir='ltr'>deditissimo</span> <span class='ocrx_word' id='word_1_93' title='bbox 1399 901 1550 940; x_wconf 90' lang='lat' dir='ltr'>seruo,</span> <span class='ocrx_word' id='word_1_94' title='bbox 1592 911 1595 914; x_wconf 92' lang='lat'><em>-</em></span> 
     </span>
    </p>
   </div>
   <div class='ocr_carea' id='block_1_3' title="bbox 738 999 1621 1044">
    <p class='ocr_par' dir='ltr' id='par_1_3' title="bbox 738 999 1621 1044">
     <span class='ocr_line' id='line_1_10' title="bbox 738 999 1621 1044; baseline 0.002 -2"><span class='ocrx_word' id='word_1_95' title='bbox 738 999 969 1043; x_wconf 84' lang='lat' dir='ltr'>LORENZO</span> <span class='ocrx_word' id='word_1_96' title='bbox 1001 1000 1164 1043; x_wconf 85' lang='lat' dir='ltr'>V1R1L1</span> <span class='ocrx_word' id='word_1_97' title='bbox 1193 1000 1204 1020; x_wconf 92' lang='lat'><strong>¹</strong></span> <span class='ocrx_word' id='word_1_98' title='bbox 1236 1001 1313 1044; x_wconf 82' lang='lat' dir='ltr'>DA</span> <span class='ocrx_word' id='word_1_99' title='bbox 1345 1000 1621 1044; x_wconf 85' lang='lat' dir='ltr'><strong>CASTELLO.</strong></span> 
     </span>
    </p>
   </div>
   <div class='ocr_carea' id='block_1_4' title="bbox 171 1112 1811 1246">
    <p class='ocr_par' dir='ltr' id='par_1_4' title="bbox 171 1112 1811 1246">
     <span class='ocr_line' id='line_1_11' title="bbox 261 1112 1811 1170; baseline 0.003 -16"><span class='ocrx_word' id='word_1_100' title='bbox 261 1113 520 1168; x_wconf 79' lang='lat' dir='ltr'>Inscriptio:</span> <span class='ocrx_word' id='word_1_101' title='bbox 542 1112 603 1155; x_wconf 91' lang='lat' dir='ltr'>Al</span> <span class='ocrx_word' id='word_1_102' title='bbox 618 1112 757 1155; x_wconf 89' lang='lat' dir='ltr'>molto</span> <span class='ocrx_word' id='word_1_103' title='bbox 774 1112 883 1155; x_wconf 90' lang='lat' dir='ltr'>Rdo.</span> <span class='ocrx_word' id='word_1_104' title='bbox 911 1113 974 1156; x_wconf 95' lang='lat' dir='ltr'>M.</span> <span class='ocrx_word' id='word_1_105' title='bbox 995 1112 1189 1168; x_wconf 87' lang='lat' dir='ltr'>Ignatio,</span> <span class='ocrx_word' id='word_1_106' title='bbox 1216 1120 1430 1169; x_wconf 92' lang='lat' dir='ltr'>preposto</span> <span class='ocrx_word' id='word_1_107' title='bbox 1454 1114 1668 1170; x_wconf 86' lang='lat' dir='ltr'>generale</span> <span class='ocrx_word' id='word_1_108' title='bbox 1690 1114 1811 1158; x_wconf 81' lang='lat' dir='ltr'>della</span> 
     </span>
     <span class='ocr_line' id='line_1_12' title="bbox 171 1188 1202 1246; baseline 0.001 -15"><span class='ocrx_word' id='word_1_109' title='bbox 171 1188 430 1233; x_wconf 85' lang='lat' dir='ltr'>venerabile</span> <span class='ocrx_word' id='word_1_110' title='bbox 452 1188 735 1246; x_wconf 84' lang='lat' dir='ltr'>Compagnia</span> <span class='ocrx_word' id='word_1_111' title='bbox 755 1188 802 1231; x_wconf 91' lang='lat' dir='ltr'>di</span> <span class='ocrx_word' id='word_1_112' title='bbox 818 1189 946 1246; x_wconf 78' lang='lat' dir='ltr'>Jesu.</span> <span class='ocrx_word' id='word_1_113' title='bbox 970 1190 1022 1232; x_wconf 92' lang='lat' dir='ltr'>In</span> <span class='ocrx_word' id='word_1_114' title='bbox 1043 1189 1202 1233; x_wconf 87' lang='lat' dir='ltr'>Roma.</span> 
     </span>
    </p>
   </div>
   <div class='ocr_carea' id='block_1_5' title="bbox 930 1423 1046 1464">
    <p class='ocr_par' dir='ltr' id='par_1_5' title="bbox 930 1423 1046 1464">
     <span class='ocr_line' id='line_1_13' title="bbox 930 1423 1046 1464; baseline 0 0"><span class='ocrx_word' id='word_1_115' title='bbox 930 1423 1046 1464; x_wconf 62' lang='lat'>832</span> 
     </span>
    </p>
   </div>
   <div class='ocr_carea' id='block_1_6' title="bbox 520 1525 1445 1655">
    <p class='ocr_par' dir='ltr' id='par_1_6' title="bbox 520 1525 1445 1655">
     <span class='ocr_line' id='line_1_14' title="bbox 644 1525 1320 1564; baseline 0 -2"><span class='ocrx_word' id='word_1_116' title='bbox 644 1525 995 1564; x_wconf 91' lang='lat' dir='ltr'>HIERONYMUS</span> <span class='ocrx_word' id='word_1_117' title='bbox 1021 1526 1320 1564; x_wconf 90' lang='lat' dir='ltr'>DOMENECH</span> 
     </span>
     <span class='ocr_line' id='line_1_15' title="bbox 520 1611 1445 1655; baseline 0.001 -1"><span class='ocrx_word' id='word_1_118' title='bbox 520 1611 707 1655; x_wconf 88' lang='lat' dir='ltr'>PATRI</span> <span class='ocrx_word' id='word_1_119' title='bbox 749 1611 1014 1655; x_wconf 92' lang='lat' dir='ltr'><strong>IGNATIO</strong></span> <span class='ocrx_word' id='word_1_120' title='bbox 1057 1612 1140 1655; x_wconf 91' lang='lat' dir='ltr'>DE</span> <span class='ocrx_word' id='word_1_121' title='bbox 1184 1612 1445 1655; x_wconf 88' lang='lat' dir='ltr'>LOYOLA</span> 
     </span>
    </p>
   </div>
   <div class='ocr_carea' id='block_1_7' title="bbox 709 1709 1251 1752">
    <p class='ocr_par' dir='ltr' id='par_1_7' title="bbox 709 1709 1251 1752">
     <span class='ocr_line' id='line_1_16' title="bbox 709 1709 1251 1752; baseline 0.004 -12"><span class='ocrx_word' id='word_1_122' title='bbox 709 1714 905 1743; x_wconf 76' lang='lat' dir='ltr'>MESSANA</span> <span class='ocrx_word' id='word_1_123' title='bbox 923 1714 967 1741; x_wconf 90' lang='lat'>21</span> <span class='ocrx_word' id='word_1_124' title='bbox 987 1714 1090 1749; x_wconf 79' lang='lat' dir='ltr'>JULn</span> <span class='ocrx_word' id='word_1_125' title='bbox 1110 1714 1202 1752; x_wconf 84' lang='lat'>1554</span> <span class='ocrx_word' id='word_1_126' title='bbox 1219 1709 1251 1742; x_wconf 75' lang='lat'>2.</span> 
     </span>
    </p>
   </div>
   <div class='ocr_carea' id='block_1_8' title="bbox 164 1789 1805 2196">
    <p class='ocr_par' dir='ltr' id='par_1_8' title="bbox 164 1789 1805 2196">
     <span class='ocr_line' id='line_1_17' title="bbox 164 1789 1805 1838; baseline 0.002 -11"><span class='ocrx_word' id='word_1_127' title='bbox 164 1793 254 1838; x_wconf 80' lang='lat' dir='ltr'>Quo</span> <span class='ocrx_word' id='word_1_128' title='bbox 272 1791 312 1827; x_wconf 91' lang='lat' dir='ltr'>in</span> <span class='ocrx_word' id='word_1_129' title='bbox 329 1796 434 1827; x_wconf 88' lang='lat' dir='ltr'>statu</span> <span class='ocrx_word' id='word_1_130' title='bbox 451 1795 630 1826; x_wconf 86' lang='lat' dir='ltr'>versetur</span> <span class='ocrx_word' id='word_1_131' title='bbox 646 1789 848 1836; x_wconf 87' lang='lat' dir='ltr'>negotium</span> <span class='ocrx_word' id='word_1_132' title='bbox 865 1789 1047 1825; x_wconf 88' lang='lat' dir='ltr'>coenobii</span> <span class='ocrx_word' id='word_1_133' title='bbox 1065 1789 1262 1836; x_wconf 87' lang='lat' dir='ltr'>virginum</span> <span class='ocrx_word' id='word_1_134' title='bbox 1282 1790 1805 1830; x_wconf 82' lang='lat' dir='ltr'>Ascensionis.-Mamerti-</span> 
     </span>
     <span class='ocr_line' id='line_1_18' title="bbox 231 1849 1799 1896; baseline 0.001 -9"><span class='ocrx_word' id='word_1_135' title='bbox 231 1863 305 1887; x_wconf 89' lang='lat' dir='ltr'>nus</span> <span class='ocrx_word' id='word_1_136' title='bbox 321 1849 528 1886; x_wconf 85' lang='lat' dir='ltr'>cardinalis</span> <span class='ocrx_word' id='word_1_137' title='bbox 545 1850 716 1896; x_wconf 84' lang='lat' dir='ltr'>carpitur</span> <span class='ocrx_word' id='word_1_138' title='bbox 733 1849 1140 1885; x_wconf 85' lang='lat' dir='ltr'>atrociter.-Frustra</span> <span class='ocrx_word' id='word_1_139' title='bbox 1157 1850 1359 1896; x_wconf 87' lang='lat' dir='ltr'>hucusque</span> <span class='ocrx_word' id='word_1_140' title='bbox 1377 1862 1446 1896; x_wconf 93' lang='lat' dir='ltr'>pro</span> <span class='ocrx_word' id='word_1_141' title='bbox 1465 1850 1569 1886; x_wconf 87' lang='lat' dir='ltr'>illius</span> <span class='ocrx_word' id='word_1_142' title='bbox 1583 1851 1703 1888; x_wconf 86' lang='lat' dir='ltr'>fratre</span> <span class='ocrx_word' id='word_1_143' title='bbox 1721 1854 1799 1889; x_wconf 85' lang='lat' dir='ltr'>Do-</span> 
     </span>
     <span class='ocr_line' id='line_1_19' title="bbox 231 1908 1797 1957; baseline 0.001 -11"><span class='ocrx_word' id='word_1_144' title='bbox 231 1911 395 1946; x_wconf 90' lang='lat' dir='ltr'>menech</span> <span class='ocrx_word' id='word_1_145' title='bbox 412 1909 644 1956; x_wconf 86' lang='lat' dir='ltr'>deprecatus</span> <span class='ocrx_word' id='word_1_146' title='bbox 663 1909 956 1944; x_wconf 83' lang='lat' dir='ltr'>est.—Annona</span> <span class='ocrx_word' id='word_1_147' title='bbox 973 1908 1022 1944; x_wconf 91' lang='lat' dir='ltr'>ad</span> <span class='ocrx_word' id='word_1_148' title='bbox 1039 1909 1190 1944; x_wconf 85' lang='lat' dir='ltr'>Italiam</span> <span class='ocrx_word' id='word_1_149' title='bbox 1210 1920 1260 1944; x_wconf 84' lang='lat' dir='ltr'>ex</span> <span class='ocrx_word' id='word_1_150' title='bbox 1274 1908 1409 1944; x_wconf 84' lang='lat' dir='ltr'>Sicilia</span> <span class='ocrx_word' id='word_1_151' title='bbox 1423 1910 1621 1957; x_wconf 85' lang='lat' dir='ltr'>exportari</span> <span class='ocrx_word' id='word_1_152' title='bbox 1636 1911 1797 1948; x_wconf 90' lang='lat' dir='ltr'>minime</span> 
     </span>
     <span class='ocr_line' id='line_1_20' title="bbox 231 1967 1798 2018; baseline 0.002 -13"><span class='ocrx_word' id='word_1_153' title='bbox 231 1975 375 2018; x_wconf 86' lang='lat' dir='ltr'>potest.</span> <span class='ocrx_word' id='word_1_154' title='bbox 390 1990 422 1995; x_wconf 82' lang='lat'>-</span> <span class='ocrx_word' id='word_1_155' title='bbox 439 1970 499 2004; x_wconf 92' lang='lat' dir='ltr'>De</span> <span class='ocrx_word' id='word_1_156' title='bbox 528 1968 704 2015; x_wconf 85' lang='lat' dir='ltr'>collegiis</span> <span class='ocrx_word' id='word_1_157' title='bbox 734 1968 784 2004; x_wconf 91' lang='lat' dir='ltr'>ad</span> <span class='ocrx_word' id='word_1_158' title='bbox 811 1967 1045 2004; x_wconf 90' lang='lat' dir='ltr'>erudiendos</span> <span class='ocrx_word' id='word_1_159' title='bbox 1075 1967 1268 2004; x_wconf 87' lang='lat' dir='ltr'>africanos</span> <span class='ocrx_word' id='word_1_160' title='bbox 1298 1968 1798 2008; x_wconf 88' lang='lat' dir='ltr'>instituendis.—Arabica</span> 
     </span>
     <span class='ocr_line' id='line_1_21' title="bbox 229 2027 1796 2077; baseline 0.001 -11"><span class='ocrx_word' id='word_1_161' title='bbox 229 2030 363 2076; x_wconf 86' lang='lat' dir='ltr'>lingua</span> <span class='ocrx_word' id='word_1_162' title='bbox 380 2027 814 2076; x_wconf 89' lang='lat' dir='ltr'>perdiscenda.—Socii</span> <span class='ocrx_word' id='word_1_163' title='bbox 837 2028 1019 2064; x_wconf 89' lang='lat' dir='ltr'>Goletam</span> <span class='ocrx_word' id='word_1_164' title='bbox 1042 2039 1087 2063; x_wconf 88' lang='lat' dir='ltr'>ac</span> <span class='ocrx_word' id='word_1_165' title='bbox 1110 2028 1309 2063; x_wconf 88' lang='lat' dir='ltr'>Tunetum</span> <span class='ocrx_word' id='word_1_166' title='bbox 1335 2029 1532 2074; x_wconf 89' lang='lat' dir='ltr'>mittendi,</span> <span class='ocrx_word' id='word_1_167' title='bbox 1557 2030 1623 2077; x_wconf 90' lang='lat' dir='ltr'>qui</span> <span class='ocrx_word' id='word_1_168' title='bbox 1648 2031 1796 2068; x_wconf 89' lang='lat' dir='ltr'>incolas</span> 
     </span>
     <span class='ocr_line' id='line_1_22' title="bbox 228 2087 1799 2136; baseline 0.002 -11"><span class='ocrx_word' id='word_1_169' title='bbox 228 2089 413 2126; x_wconf 85' lang='lat' dir='ltr'>doceant.</span> <span class='ocrx_word' id='word_1_170' title='bbox 428 2087 739 2126; x_wconf 84' lang='lat' dir='ltr'>—Oetavianum</span> <span class='ocrx_word' id='word_1_171' title='bbox 774 2087 910 2125; x_wconf 87' lang='lat' dir='ltr'>Cesari</span> <span class='ocrx_word' id='word_1_172' title='bbox 938 2087 1166 2135; x_wconf 88' lang='lat' dir='ltr'>parentibus</span> <span class='ocrx_word' id='word_1_173' title='bbox 1197 2087 1278 2123; x_wconf 89' lang='lat' dir='ltr'>suis</span> <span class='ocrx_word' id='word_1_174' title='bbox 1307 2088 1463 2124; x_wconf 88' lang='lat' dir='ltr'>restitui</span> <span class='ocrx_word' id='word_1_175' title='bbox 1500 2089 1611 2125; x_wconf 84' lang='lat' dir='ltr'>nefas</span> <span class='ocrx_word' id='word_1_176' title='bbox 1646 2090 1799 2136; x_wconf 90' lang='lat' dir='ltr'>judicat</span> 
     </span>
     <span class='ocr_line' id='line_1_23' title="bbox 230 2149 513 2196; baseline -0.011 -10"><span class='ocrx_word' id='word_1_177' title='bbox 230 2160 371 2196; x_wconf 85' lang='lat' dir='ltr'>prorex</span> <span class='ocrx_word' id='word_1_178' title='bbox 389 2149 513 2194; x_wconf 87' lang='lat' dir='ltr'>Vega.</span> 
     </span>
    </p>
   </div>
   <div class='ocr_carea' id='block_1_9' title="bbox 962 2229 992 2288">
    <p class='ocr_par' dir='ltr' id='par_1_9' title="bbox 962 2229 992 2288">
     <span class='ocr_line' id='line_1_24' title="bbox 962 2229 992 2288; baseline 0 -33"><span class='ocrx_word' id='word_1_179' title='bbox 962 2229 992 2288; x_wconf 77' lang='lat'>†</span> 
     </span>
    </p>
   </div>
   <div class='ocr_carea' id='block_1_10' title="bbox 158 2324 1796 2616">
    <p class='ocr_par' dir='ltr' id='par_1_10' title="bbox 158 2324 1796 2616">
     <span class='ocr_line' id='line_1_25' title="bbox 248 2324 1794 2384; baseline 0.001 -12"><span class='ocrx_word' id='word_1_180' title='bbox 248 2330 359 2384; x_wconf 91' lang='lat' dir='ltr'>Muy</span> <span class='ocrx_word' id='word_1_181' title='bbox 380 2328 497 2372; x_wconf 87' lang='lat' dir='ltr'>Rdo.</span> <span class='ocrx_word' id='word_1_182' title='bbox 522 2327 569 2370; x_wconf 92' lang='lat' dir='ltr'>in</span> <span class='ocrx_word' id='word_1_183' title='bbox 591 2326 676 2371; x_wconf 75' lang='grc' dir='ltr'>Χ.ο</span> <span class='ocrx_word' id='word_1_184' title='bbox 700 2327 862 2371; x_wconf 85' lang='lat' dir='ltr'>Padre.</span> <span class='ocrx_word' id='word_1_185' title='bbox 889 2328 986 2370; x_wconf 85' lang='lat' dir='ltr'>Pax</span> <span class='ocrx_word' id='word_1_186' title='bbox 1008 2324 1082 2370; x_wconf 88' lang='lat' dir='ltr'>X.i</span> <span class='ocrx_word' id='word_1_187' title='bbox 1106 2326 1195 2369; x_wconf 85' lang='lat' dir='ltr'>Las</span> <span class='ocrx_word' id='word_1_188' title='bbox 1216 2326 1274 2368; x_wconf 90' lang='lat' dir='ltr'>de</span> <span class='ocrx_word' id='word_1_189' title='bbox 1307 2338 1353 2369; x_wconf 94' lang='lat'>11</span> <span class='ocrx_word' id='word_1_190' title='bbox 1385 2327 1459 2370; x_wconf 87' lang='lat' dir='ltr'>del</span> <span class='ocrx_word' id='word_1_191' title='bbox 1487 2335 1699 2383; x_wconf 87' lang='lat' dir='ltr'>presente</span> <span class='ocrx_word' id='word_1_192' title='bbox 1722 2343 1794 2373; x_wconf 90' lang='lat' dir='ltr'>re-</span> 
     </span>
     <span class='ocr_line' id='line_1_26' title="bbox 158 2404 1796 2459; baseline 0 -10"><span class='ocrx_word' id='word_1_193' title='bbox 158 2406 257 2449; x_wconf 87' lang='lat' dir='ltr'>cebi</span> <span class='ocrx_word' id='word_1_194' title='bbox 279 2409 306 2449; x_wconf 73' lang='grc' dir='ltr'>ἐι</span> <span class='ocrx_word' id='word_1_195' title='bbox 333 2406 384 2449; x_wconf 91' lang='lat'>18</span> <span class='ocrx_word' id='word_1_196' title='bbox 406 2406 480 2450; x_wconf 91' lang='lat' dir='ltr'>del</span> <span class='ocrx_word' id='word_1_197' title='bbox 501 2405 676 2448; x_wconf 86' lang='lat' dir='ltr'>mismo:</span> <span class='ocrx_word' id='word_1_198' title='bbox 705 2408 805 2448; x_wconf 68' lang='lat' dir='ltr'>sera</span> <span class='ocrx_word' id='word_1_199' title='bbox 826 2407 924 2447; x_wconf 80' lang='lat' dir='ltr'>esta</span> <span class='ocrx_word' id='word_1_200' title='bbox 944 2404 1085 2448; x_wconf 90' lang='lat' dir='ltr'>breue</span> <span class='ocrx_word' id='word_1_201' title='bbox 1108 2410 1342 2459; x_wconf 83' lang='lat' dir='ltr'>respuesta</span> <span class='ocrx_word' id='word_1_202' title='bbox 1372 2404 1550 2447; x_wconf 86' lang='lat' dir='ltr'>Acerca</span> <span class='ocrx_word' id='word_1_203' title='bbox 1572 2405 1630 2449; x_wconf 90' lang='lat' dir='ltr'>de</span> <span class='ocrx_word' id='word_1_204' title='bbox 1651 2406 1693 2448; x_wconf 82' lang='lat' dir='ltr'>la</span> <span class='ocrx_word' id='word_1_205' title='bbox 1714 2420 1796 2449; x_wconf 87' lang='lat' dir='ltr'>ex-</span> 
     </span>
     <span class='ocr_line' id='line_1_27' title="bbox 158 2481 1794 2540; baseline 0 -14"><span class='ocrx_word' id='word_1_206' title='bbox 158 2482 360 2540; x_wconf 83' lang='lat' dir='ltr'>pedition</span> <span class='ocrx_word' id='word_1_207' title='bbox 382 2483 440 2526; x_wconf 92' lang='lat' dir='ltr'>de</span> <span class='ocrx_word' id='word_1_208' title='bbox 460 2483 504 2526; x_wconf 85' lang='lat' dir='ltr'>la</span> <span class='ocrx_word' id='word_1_209' title='bbox 531 2482 784 2526; x_wconf 84' lang='lat' dir='ltr'>Ascension</span> <span class='ocrx_word' id='word_1_210' title='bbox 816 2482 849 2534; x_wconf 76' lang='lat'>⁵,</span> <span class='ocrx_word' id='word_1_211' title='bbox 881 2495 1113 2537; x_wconf 87' lang='lat' dir='ltr'>speramos</span> <span class='ocrx_word' id='word_1_212' title='bbox 1138 2481 1182 2523; x_wconf 84' lang='lat' dir='ltr'>la</span> <span class='ocrx_word' id='word_1_213' title='bbox 1202 2481 1452 2525; x_wconf 83' lang='lat' dir='ltr'>resolution</span> <span class='ocrx_word' id='word_1_214' title='bbox 1480 2482 1553 2525; x_wconf 91' lang='lat' dir='ltr'>del</span> <span class='ocrx_word' id='word_1_215' title='bbox 1583 2484 1794 2527; x_wconf 79' lang='lat' dir='ltr'>cardenal</span> 
     </span>
     <span class='ocr_line' id='line_1_28' title="bbox 160 2556 1796 2616; baseline -0.001 -13"><span class='ocrx_word' id='word_1_216' title='bbox 160 2561 217 2605; x_wconf 92' lang='lat' dir='ltr'>de</span> <span class='ocrx_word' id='word_1_217' title='bbox 238 2559 401 2616; x_wconf 88' lang='lat' dir='ltr'>Napoli</span> <span class='ocrx_word' id='word_1_218' title='bbox 429 2560 461 2603; x_wconf 79' lang='lat'>⁴:</span> <span class='ocrx_word' id='word_1_219' title='bbox 486 2563 591 2616; x_wconf 82' lang='lat' dir='ltr'>aqui</span> <span class='ocrx_word' id='word_1_220' title='bbox 619 2561 678 2602; x_wconf 91' lang='lat' dir='ltr'>he</span> <span class='ocrx_word' id='word_1_221' title='bbox 704 2559 898 2602; x_wconf 87' lang='lat' dir='ltr'>hablado</span> <span class='ocrx_word' id='word_1_222' title='bbox 925 2572 1012 2601; x_wconf 92' lang='lat' dir='ltr'>con</span> <span class='ocrx_word' id='word_1_223' title='bbox 1037 2558 1081 2601; x_wconf 91' lang='lat' dir='ltr'>el</span> <span class='ocrx_word' id='word_1_224' title='bbox 1106 2556 1291 2612; x_wconf 87' lang='lat' dir='ltr'>vicario,</span> <span class='ocrx_word' id='word_1_225' title='bbox 1321 2573 1351 2614; x_wconf 88' lang='lat' dir='ltr'><strong>y</strong></span> <span class='ocrx_word' id='word_1_226' title='bbox 1379 2573 1451 2602; x_wconf 90' lang='lat' dir='ltr'>me</span> <span class='ocrx_word' id='word_1_227' title='bbox 1479 2561 1537 2602; x_wconf 85' lang='lat' dir='ltr'>ha</span> <span class='ocrx_word' id='word_1_228' title='bbox 1566 2561 1796 2603; x_wconf 84' lang='lat' dir='ltr'>mostrado</span> 
     </span>
    </p>
   </div>
   <div class='ocr_carea' id='block_1_11' title="bbox 159 2678 422 2685">
    <p class='ocr_par' dir='ltr' id='par_1_11' title="bbox 159 2678 422 2685">
     <span class='ocr_line' id='line_1_29' title="bbox 159 2678 422 2685; baseline 0 0"><span class='ocrx_word' id='word_1_229' title='bbox 159 2678 422 2685; x_wconf 95' lang='lat' dir='ltr'> </span> 
     </span>
    </p>
   </div>
   <div class='ocr_carea' id='block_1_12' title="bbox 155 2736 1792 3084">
    <p class='ocr_par' dir='ltr' id='par_1_12' title="bbox 155 2736 1792 2905">
     <span class='ocr_line' id='line_1_30' title="bbox 230 2736 1792 2784; baseline -0.004 -7"><span class='ocrx_word' id='word_1_230' title='bbox 230 2744 240 2764; x_wconf 91' lang='lat'>¹</span> <span class='ocrx_word' id='word_1_231' title='bbox 290 2741 366 2777; x_wconf 91' lang='lat' dir='ltr'>Hic</span> <span class='ocrx_word' id='word_1_232' title='bbox 382 2741 524 2776; x_wconf 91' lang='lat' dir='ltr'>dicitur</span> <span class='ocrx_word' id='word_1_233' title='bbox 541 2741 590 2776; x_wconf 89' lang='lat' dir='ltr'>ab</span> <span class='ocrx_word' id='word_1_234' title='bbox 607 2740 694 2775; x_wconf 86' lang='lat' dir='ltr'>aliis</span> <span class='ocrx_word' id='word_1_235' title='bbox 709 2738 942 2775; x_wconf 84' lang='lat' dir='ltr'>Laurentius</span> <span class='ocrx_word' id='word_1_236' title='bbox 959 2738 1009 2774; x_wconf 90' lang='lat' dir='ltr'>de</span> <span class='ocrx_word' id='word_1_237' title='bbox 1023 2736 1226 2783; x_wconf 82' lang='lat' dir='ltr'>virilibus,</span> <span class='ocrx_word' id='word_1_238' title='bbox 1247 2737 1467 2783; x_wconf 87' lang='lat' dir='ltr'>«sacerdos,</span> <span class='ocrx_word' id='word_1_239' title='bbox 1487 2738 1610 2784; x_wconf 86' lang='lat' dir='ltr'>patria</span> <span class='ocrx_word' id='word_1_240' title='bbox 1630 2738 1792 2783; x_wconf 86' lang='lat' dir='ltr'>Tipher-</span> 
     </span>
     <span class='ocr_line' id='line_1_31' title="bbox 155 2797 1791 2848; baseline -0.003 -12"><span class='ocrx_word' id='word_1_241' title='bbox 155 2812 239 2845; x_wconf 88' lang='lat' dir='ltr'>nas,</span> <span class='ocrx_word' id='word_1_242' title='bbox 257 2800 323 2848; x_wconf 92' lang='lat' dir='ltr'>qui</span> <span class='ocrx_word' id='word_1_243' title='bbox 339 2806 498 2847; x_wconf 85' lang='lat' dir='ltr'>propter</span> <span class='ocrx_word' id='word_1_244' title='bbox 514 2799 658 2836; x_wconf 84' lang='lat' dir='ltr'>eximia</span> <span class='ocrx_word' id='word_1_245' title='bbox 675 2798 832 2846; x_wconf 88' lang='lat' dir='ltr'>pietatis</span> <span class='ocrx_word' id='word_1_246' title='bbox 850 2797 976 2834; x_wconf 85' lang='lat' dir='ltr'>officia</span> <span class='ocrx_word' id='word_1_247' title='bbox 993 2809 1175 2844; x_wconf 87' lang='lat' dir='ltr'>percarus</span> <span class='ocrx_word' id='word_1_248' title='bbox 1195 2802 1279 2832; x_wconf 87' lang='lat' dir='ltr'>erat</span> <span class='ocrx_word' id='word_1_249' title='bbox 1302 2797 1456 2843; x_wconf 86' lang='lat' dir='ltr'>Ignatio</span> <span class='ocrx_word' id='word_1_250' title='bbox 1467 2824 1475 2832; x_wconf 93' lang='lat'><strong>.</strong></span> <span class='ocrx_word' id='word_1_251' title='bbox 1487 2811 1503 2829; x_wconf 60' lang='grc' dir='ltr'>ν)</span> <span class='ocrx_word' id='word_1_252' title='bbox 1534 2797 1791 2841; x_wconf 69' lang='grc' dir='ltr'>ΟΕιΑΝΟῙΝῙ,</span> 
     </span>
     <span class='ocr_line' id='line_1_32' title="bbox 155 2859 840 2905; baseline -0.004 -9"><span class='ocrx_word' id='word_1_253' title='bbox 155 2860 266 2896; x_wconf 81' lang='lat' dir='ltr'>Hist.</span> <span class='ocrx_word' id='word_1_254' title='bbox 293 2860 380 2896; x_wconf 87' lang='lat' dir='ltr'>Soc.</span> <span class='ocrx_word' id='word_1_255' title='bbox 405 2860 494 2902; x_wconf 68' lang='lat' dir='ltr'>Jes„</span> <span class='ocrx_word' id='word_1_256' title='bbox 516 2859 584 2895; x_wconf 91' lang='lat' dir='ltr'>lib.</span> <span class='ocrx_word' id='word_1_257' title='bbox 604 2867 690 2905; x_wconf 78' lang='lat' dir='ltr'>xlv,</span> <span class='ocrx_word' id='word_1_258' title='bbox 709 2871 751 2894; x_wconf 88' lang='lat' dir='ltr'>n.</span> <span class='ocrx_word' id='word_1_259' title='bbox 783 2866 840 2904; x_wconf 89' lang='lat'>19.</span> 
     </span>
    </p>

    <p class='ocr_par' dir='ltr' id='par_1_13' title="bbox 227 2915 1681 2966">
     <span class='ocr_line' id='line_1_33' title="bbox 227 2915 1681 2966; baseline -0.003 -11"><span class='ocrx_word' id='word_1_260' title='bbox 227 2922 242 2942; x_wconf 79' lang='lat'>²</span> <span class='ocrx_word' id='word_1_261' title='bbox 292 2920 351 2955; x_wconf 87' lang='lat' dir='ltr'>Ex</span> <span class='ocrx_word' id='word_1_262' title='bbox 369 2920 609 2966; x_wconf 82' lang='lat' dir='ltr'>autographo</span> <span class='ocrx_word' id='word_1_263' title='bbox 627 2919 667 2954; x_wconf 90' lang='lat' dir='ltr'>in</span> <span class='ocrx_word' id='word_1_264' title='bbox 685 2919 763 2954; x_wconf 91' lang='lat' dir='ltr'>vol.</span> <span class='ocrx_word' id='word_1_265' title='bbox 784 2918 830 2962; x_wconf 90' lang='lat' dir='ltr'>E,</span> <span class='ocrx_word' id='word_1_266' title='bbox 848 2916 1092 2965; x_wconf 88' lang='lat' dir='ltr'>quadruplici</span> <span class='ocrx_word' id='word_1_267' title='bbox 1110 2916 1219 2964; x_wconf 84' lang='lat' dir='ltr'>folio,</span> <span class='ocrx_word' id='word_1_268' title='bbox 1238 2929 1277 2952; x_wconf 95' lang='lat' dir='ltr'>n.</span> <span class='ocrx_word' id='word_1_269' title='bbox 1298 2916 1358 2962; x_wconf 82' lang='lat'>84,</span> <span class='ocrx_word' id='word_1_270' title='bbox 1379 2915 1485 2963; x_wconf 91' lang='lat' dir='ltr'>prius</span> <span class='ocrx_word' id='word_1_271' title='bbox 1508 2915 1681 2951; x_wconf 88' lang='lat'><strong>160-162.</strong></span> 
     </span>
    </p>

    <p class='ocr_par' dir='ltr' id='par_1_14' title="bbox 229 2975 1657 3024">
     <span class='ocr_line' id='line_1_34' title="bbox 229 2975 1657 3024; baseline -0.002 -10"><span class='ocrx_word' id='word_1_272' title='bbox 229 2979 244 3000; x_wconf 76' lang='lat'><strong>³</strong></span> <span class='ocrx_word' id='word_1_273' title='bbox 292 2978 354 3014; x_wconf 89' lang='lat' dir='ltr'>De</span> <span class='ocrx_word' id='word_1_274' title='bbox 370 2980 444 3014; x_wconf 90' lang='lat' dir='ltr'>hoc</span> <span class='ocrx_word' id='word_1_275' title='bbox 461 2978 620 3024; x_wconf 79' lang='lat' dir='ltr'>negotio</span> <span class='ocrx_word' id='word_1_276' title='bbox 644 2977 739 3014; x_wconf 88' lang='lat' dir='ltr'>satis</span> <span class='ocrx_word' id='word_1_277' title='bbox 764 2979 886 3013; x_wconf 88' lang='lat' dir='ltr'>multa</span> <span class='ocrx_word' id='word_1_278' title='bbox 903 2977 1007 3013; x_wconf 88' lang='lat' dir='ltr'>dicta</span> <span class='ocrx_word' id='word_1_279' title='bbox 1034 2982 1126 3013; x_wconf 89' lang='lat' dir='ltr'>sunt</span> <span class='ocrx_word' id='word_1_280' title='bbox 1150 2977 1189 3012; x_wconf 89' lang='lat' dir='ltr'>in</span> <span class='ocrx_word' id='word_1_281' title='bbox 1213 2977 1412 3024; x_wconf 88' lang='lat' dir='ltr'>superiore</span> <span class='ocrx_word' id='word_1_282' title='bbox 1439 2975 1657 3011; x_wconf 60' lang='lat' dir='ltr'>volumine.</span> 
     </span>
    </p>

    <p class='ocr_par' dir='ltr' id='par_1_15' title="bbox 231 3035 1624 3084">
     <span class='ocr_line' id='line_1_35' title="bbox 231 3035 1624 3084; baseline -0.004 -9"><span class='ocrx_word' id='word_1_283' title='bbox 231 3040 247 3060; x_wconf 78' lang='lat'><strong>⁴</strong></span> <span class='ocrx_word' id='word_1_284' title='bbox 296 3039 468 3084; x_wconf 85' lang='lat' dir='ltr'>Joannes</span> <span class='ocrx_word' id='word_1_285' title='bbox 485 3040 626 3074; x_wconf 83' lang='lat' dir='ltr'>Petrus</span> <span class='ocrx_word' id='word_1_286' title='bbox 645 3037 811 3083; x_wconf 85' lang='lat' dir='ltr'>Caraffa,</span> <span class='ocrx_word' id='word_1_287' title='bbox 830 3042 967 3084; x_wconf 92' lang='lat' dir='ltr'>postea</span> <span class='ocrx_word' id='word_1_288' title='bbox 984 3048 1160 3072; x_wconf 88' lang='lat' dir='ltr'>summus</span> <span class='ocrx_word' id='word_1_289' title='bbox 1179 3036 1370 3083; x_wconf 83' lang='lat' dir='ltr'>pontifex,</span> <span class='ocrx_word' id='word_1_290' title='bbox 1390 3036 1533 3070; x_wconf 82' lang='lat' dir='ltr'>Paulus</span> <span class='ocrx_word' id='word_1_291' title='bbox 1552 3035 1624 3069; x_wconf 89' lang='lat' dir='ltr'>IV.</span> 
     </span>
    </p>
   </div>
  </div>
 </body>
</html>
