2060 3450
331 229 400 271 540
819 227 1056 263 Epls‘rOLAE
1081 227 1368 273 MixTAss—933

1028 481 1151 522 933

808 570 1046 606 ANNIBAL
1071 569 1360 609 COUDRETO

648 654 835 697 PATRI
866 654 1128 698 IGNATIO
1160 655 1243 698 DE
1274 655 1533 698 LOYOLA

744 749 939 777 MESSANA
969 750 1012 777 10
1036 750 1260 778 FEBRUARII
1289 750 1379 788 1555
1408 745 1434 779 ¹,

273 809 459 865 Litteras,
475 819 666 854 Panormo
678 823 871 866 acceptas,
887 819 1266 856 mittit.——Gaudium
1280 831 1303 855 e
1318 818 1487 856 romanis
1501 818 1648 856 nuntiis
1661 825 1905 868 perceptum.

314 877 679 914 *Mamertinorum
697 877 842 913 civium
860 878 1288 926 pietas.—Hieronymi
1304 877 1437 916 Otello
1451 877 1607 915 fervens
1625 879 1864 927 eloquentia.

1081 967 1103 1002 †

1052 1005 1126 1047 Ihs

362 1099 504 1142 Molto
529 1097 637 1142 R.d0
658 1097 706 1141 in
729 1097 911 1142 Christo
934 1098 1096 1142 Padre.
1124 1100 1222 1142 Pax
1244 1098 1428 1142 Christi.
1455 1099 1554 1142 Con
1571 1105 1731 1155 questa
1752 1113 1904 1143 uanno

272 1176 357 1219 doe
386 1176 546 1220 lettere
574 1177 632 1219 da
662 1176 890 1228 Palermo,
922 1175 1073 1219 donde
1100 1177 1298 1219 anchora
1317 1175 1545 1219 habbiam’
1575 1175 1722 1219 intesa
1752 1176 1902 1221 l’elet—

274 1251 395 1295 tione
410 1252 469 1296 de
486 1252 561 1295 doi
579 1251 714 1296 Padri
730 1252 847 1296 della
863 1251 1161 1309 Compagnia,
1176 1253 1287 1296 satta
1304 1252 1362 1295 da
1378 1266 1460 1296 sua
1475 1252 1656 1305 santita,
1677 1267 1756 1309 per
1773 1267 1900 1297 man-

272 1329 367 1372 dar'
401 1329 447 1372 in
479 1329 741 1383 Germania,
766 1336 812 1374 et
839 1330 956 1373 della
982 1343 1200 1385 speranza
1229 1330 1314 1374 che
1336 1328 1377 1372 ci
1398 1330 1424 1372 e
1445 1329 1563 1374 della
1589 1329 1835 1374 riduttione
1856 1329 1902 1373 di

272 1407 422 1461 quelle
443 1407 592 1451 bande
614 1407 646 1450 ³.
680 1406 988 1463 Pregghiamo
1016 1406 1047 1448 il
1074 1405 1242 1463 Signor
1269 1408 1341 1450 ch’
1371 1406 1574 1450 indirizzi
1608 1406 1717 1463 ogni
1744 1421 1849 1451 cosa
1877 1422 1904 1451 a

274 1483 419 1538 major
442 1497 526 1526 suo
548 1482 750 1527 seruitio.

364 1561 486 1616 Qua,
511 1575 591 1616 per
612 1560 759 1616 gratia
775 1560 848 1603 del
864 1559 1047 1616 Signor,
1068 1559 1099 1602 il
1117 1560 1258 1602 frutto
1274 1559 1506 1616 spirituale
1521 1559 1560 1603 si
1577 1562 1693 1605 uede
1710 1563 1901 1606 crescer'

273 1636 486 1680 tuttauia.
512 1638 577 1680 La
599 1637 836 1681 dom'enica
857 1643 1036 1693 passata
1058 1636 1095 1679 si
1116 1636 1299 1693 publico
1320 1636 1352 1679 il
1373 1636 1589 1693 giubileo,
1615 1645 1660 1682 et
1675 1637 1774 1681 hasi
1792 1638 1903 1682 satta

270 1713 511 1757 l’oratione
531 1714 649 1758 delle
669 1726 727 1768 40
748 1715 858 1757 hore
879 1714 966 1756 alla
986 1713 1232 1758 medesima
1251 1712 1502 1757 intentione
1524 1715 1556 1757 ³.
1582 1715 1668 1758 Nel
1683 1714 1902 1770 principio

273 1790 319 1832 di
351 1791 501 1845 quella
532 1792 628 1835 fece
655 1790 686 1833 il
713 1792 767 1833 R.
796 1792 848 1833 P.
882 1792 943 1834 M.
970 1790 1122 1834 Otello
1145 1790 1161 1810 ⁴
1184 1804 1247 1833 un
1268 1789 1643 1847 raggionamento
1665 1805 1752 1834 con
1773 1797 1900 1835 tanto

345 1910 357 1930 ¹
408 1909 466 1943 Ex
484 1909 723 1955 autographo
737 1907 777 1944 in
794 1909 873 1944 vol.
888 1908 1018 1955 Epist.
1033 1908 1300 1950 diversorum,
1316 1907 1430 1943 unico
1445 1907 1550 1944 folio.
1565 1921 1605 1944 n.
1620 1909 1680 1955 96,
1695 1909 1802 1956 prius
1819 1919 1899 1956 142.

342 1969 357 1989 ²
408 1968 467 2003 De
486 1967 533 2003 iis
551 1968 660 2014 plura
677 1967 778 2014 apud
796 1967 1012 2007 POLANCO.
1031 1972 1061 2002 t.
1079 1976 1121 2014 V,
1140 1978 1231 2014 pag.
1256 1966 1292 2013 8,
1311 1979 1354 2002 n.
1378 1966 1414 2011 8,
1432 1967 1498 2003 ubi
1517 1967 1635 2003 etiam
1649 1968 1791 2005 dicitur
1808 1970 1902 2017 quid

270 2027 464 2071 evenerit,
483 2027 666 2073 pontifice
685 2026 790 2073 Julio
806 2026 877 2072 III,
895 2026 1142 2072 germanicae
1165 2025 1372 2072 legationis
1390 2031 1563 2071 auctore,
1592 2026 1672 2062 vita
1693 2027 1899 2066 defuncto.

274 2087 409 2122 Patres
426 2098 534 2131 vero,
553 2086 619 2133 qui
636 2085 829 2132 designati
848 2084 1003 2121 fuerant
1019 2085 1223 2121 cardinalis
1248 2086 1407 2121 Morone
1429 2086 1607 2132 comites,
1633 2087 1690 2122 illi
1714 2088 1796 2124 noti
1813 2095 1904 2125 sunt

273 2146 418 2181 Lainez
436 2151 477 2182 et
494 2146 616 2182 Nadal
627 2173 636 2181 .
660 2146 748 2192 Qua
766 2145 969 2181 occasione
987 2145 1162 2192 Ignatius
1182 2145 1315 2181 Italiae
1334 2150 1374 2181 et
1387 2144 1544 2181 Siciliae
1558 2146 1734 2193 collegiis
1748 2148 1905 2195 scripsit

269 2206 492 2252 epistolam,
511 2217 627 2252 quam
644 2206 765 2240 habes
783 2204 823 2240 in
844 2203 1004 2250 Cartas,
1024 2209 1053 2239 t.
1073 2214 1112 2246 v,
1128 2216 1217 2251 pag.
1237 2203 1321 2249 345,
1341 2210 1381 2240 et
1398 2215 1486 2251 pag.
1508 2212 1542 2250 5.

344 2266 358 2286 ³
409 2264 600 2300 Nimirum
629 2275 699 2311 pro
729 2263 938 2300 Germania
967 2269 1007 2299 et
1038 2264 1194 2310 Anglia.
1227 2263 1326 2299 Vide
1359 2262 1504 2299 Cartas
1535 2265 1582 2300 de
1613 2265 1698 2300 San
1720 2265 1901 2314 Ignacio,

270 2324 383 2370 ibid„
398 2325 438 2360 in
451 2324 594 2371 quibus
607 2323 793 2370 legimus:
815 2323 950 2358 «Altra
964 2325 1070 2358 volta
1087 2322 1120 2358 si
1139 2323 1160 2359 ὲ
1179 2322 1314 2358 scritto
1328 2323 1400 2358 che
1413 2322 1447 2358 si
1464 2322 1616 2359 facesse
1634 2323 1804 2371 speciale
1821 2336 1903 2362 ora·

271 2383 386 2419 zione
404 2395 474 2430 per
491 2384 527 2419 la
544 2382 744 2419 riduzione
767 2382 859 2418 dell'
886 2382 1118 2428 Allernagna
1141 2394 1162 2417 e
1187 2383 1416 2428 Inglaterra,
1435 2378 1599 2418 facendo
1622 2383 1801 2420 orazione
1826 2397 1902 2422 una

272 2444 379 2480 volta
397 2442 488 2479 tutti
506 2443 541 2478 al
562 2454 684 2488 mese,
703 2453 724 2477 e
743 2441 908 2477 dicendo
927 2453 1034 2477 mesa
1052 2441 1078 2477 li
1097 2441 1214 2488 preti.
1238 2442 1270 2476 E
1287 2453 1378 2488 pare
1393 2442 1464 2477 che
1479 2442 1518 2477 in
1534 2443 1662 2478 buona
1676 2448 1784 2490 parte
1802 2443 1838 2479 ci
1852 2445 1901 2480 ha

273 2502 381 2537 udito
399 2503 435 2538 la
453 2501 585 2537 divina
603 2500 866 2537 misericordia
884 2501 1048 2536 insieme
1066 2512 1140 2536 con
1154 2501 1181 2536 li
1195 2500 1282 2536 altri
1299 2500 1449 2536 fideli...
1469 2509 1510 2536 12
1525 2501 1708 2537 Gennaro
1726 2510 1901 2548 1555.»—

273 2562 395 2605 Haec,
414 2561 516 2608 quod
534 2560 582 2596 ad
600 2572 736 2608 preces
754 2560 908 2604 attinet,
923 2561 972 2595 ab
993 2560 1145 2606 Ignatio
1162 2559 1278 2595 sociis
1296 2559 1474 2596 indictas.
1492 2560 1554 2596 Ad
1564 2560 1779 2607 jubilaeum
1793 2573 1898 2608 vero,

270 2620 384 2667 cujus
403 2620 641 2656 mentionem
659 2619 855 2656 Coudreto
872 2619 979 2665 facit,
998 2624 1178 2666 spectant
1195 2631 1254 2666 ea,
1271 2631 1371 2666 quae
1386 2619 1656 2664 SPONDANUS,
1675 2621 1903 2658 Annalium

272 2681 628 2717 ecclesiasticorum
645 2680 907 2721 continuatim
928 2679 1064 2715 scribit
1077 2679 1125 2714 ad
1139 2680 1286 2715 calcem
1303 2687 1407 2725 1554,
1425 2691 1464 2715 n.
1483 2689 1519 2725 4,
1533 2691 1622 2715 cum
1639 2680 1801 2716 Romam
1819 2693 1906 2729 per-

272 2739 342 2775 lati
361 2744 495 2775 essent
511 2739 643 2775 nuncii
661 2738 709 2774 de
727 2738 955 2773 reductione
975 2738 1161 2784 Angliae:
1184 2739 1368 2785 «Propter
1392 2738 1627 2774 laetissimae
1644 2739 1701 2775 rei
1719 2741 1904 2776 nuncium

275 2799 581 2846 supplicationes
599 2798 777 2846 publicae
795 2797 975 2833 decretae
994 2797 1119 2844 fuere,
1138 2809 1215 2833 non
1233 2798 1273 2834 in
1291 2799 1399 2834 Urbe
1417 2799 1556 2844 solum,
1575 2798 1645 2834 sed
1667 2810 1737 2846 per
1754 2799 1905 2836 Italiam

275 2859 513 2903 universam,
533 2857 670 2904 gratiis
689 2859 774 2893 Deo
790 2857 972 2902 agendis;
994 2857 1078 2904 ipso
1098 2857 1258 2893 Summo
1279 2857 1467 2893 Pontifice
1495 2869 1602 2893 sacra
1626 2859 1812 2905 mysteria
1829 2859 1908 2895 Ro-

273 2930 360 2954 mae
379 2918 623 2963 celebrante,
638 2922 678 2952 et
691 2916 979 2962 Indulgentiam
993 2916 1041 2952 ad
1056 2916 1211 2952 modum
1227 2917 1396 2963 Jubilaei
1410 2929 1479 2964 per
1491 2917 1755 2954 Christianum
1769 2919 1903 2955 orbem

272 2977 314 3013 in
331 2977 545 3023 gratiarum
563 2976 755 3012 actionem
771 2976 1031 3022 publicante».

346 3038 360 3058 ⁴
409 3036 672 3082 Hieronymus
690 3034 835 3073 Otello.
