2060 3432
784 216 830 256 28
855 215 1119 256 Sam-umus
1147 225 1236 264 1555
1701 219 1772 266 869

926 440 1083 481 1038

643 527 950 567 LUDOVICUS
975 530 1046 569 DE
1070 529 1361 569 COUDRETO

514 611 758 658 PATRI
802 613 1130 680 JAcosso
1182 615 1484 660 LAINEZ

608 714 846 745 FLonENTm
871 706 917 745 28
943 715 1201 748 snm-nuans
1229 715 1320 754 1555
1350 710 1380 743 ¹.

187 788 249 824 De
265 799 308 824 re
324 787 503 824 familiari
520 789 678 825 Patrum
695 789 884 826 Ludoviei
913 795 954 826 et
977 790 1184 827 Annibalis
1205 790 1257 845 de
1280 790 1697 829 Coudreto.—Causae
1714 791 1814 829 affe-

256 853 407 894 runtur,
418 853 475 893 ut,
487 847 537 886 ad
549 848 706 895 negotia
718 848 932 886 domestica
946 843 1210 898 tr'ansigenda,
1224 851 1412 889 alteruter
1426 850 1466 886 in
1480 850 1716 888 Sabaudiam
1730 863 1814 899 pro-

259 906 472 943 ficiscatur.

982 1009 1012 1050 Τ

272 1086 338 1129 La
365 1085 512 1142 gratia
549 1093 595 1131 et
621 1101 732 1143 pace
759 1087 805 1131 di
835 1086 1019 1132 Christo
1049 1087 1206 1145 signor
1235 1096 1392 1132 nostro
1423 1088 1489 1133 sia
1517 1102 1695 1145 sempre
1725 1077 1812 1133 con

182 1162 306 1205 tutti.
333 1164 499 1207 Arnen.
525 1164 669 1208 Molto
689 1165 803 1208 Rdo.
828 1163 876 1208 in
891 1164 1075 1208 Christo
1098 1165 1260 1209 Padre.
1281 1166 1356 1210 Ho
1378 1154 1586 1210 riceuuto
1602 1166 1751 1221 quella
1767 1166 1812 1210 di

182 1239 242 1283 V.
268 1241 323 1284 R.
348 1239 394 1283 di
418 1253 468 1285 21
494 1240 567 1284 del
589 1247 813 1297 presente,
837 1247 884 1284 et
903 1247 1073 1298 quanto
1095 1242 1181 1286 alle
1204 1242 1294 1286 due
1321 1256 1427 1289 cose
1454 1242 1572 1287 delle
1598 1242 1720 1298 quali
1742 1242 1812 1287 di-

181 1317 347 1361 manda
366 1317 696 1370 esser'auisata‚
720 1317 869 1374 doppo
890 1318 934 1360 d’
958 1318 1144 1366 essermi
1166 1319 1382 1375 alquanto
1411 1320 1758 1364 raccomandato
1786 1334 1812 1363 a

183 1391 324 1446 Iddio,
349 1394 411 1436 rn'
433 1394 459 1436 e
479 1407 668 1437 occorso
690 1401 861 1450 quanto
890 1395 976 1439 alla
1006 1394 1165 1451 prima,
1199 1396 1286 1440 che
1317 1410 1409 1438 non
1439 1395 1501 1439 mi
1532 1410 1639 1452 pare
1670 1395 1708 1439 si
1729 1411 1808 1453 po-

183 1476 284 1515 tran
303 1469 543 1526 negociare
565 1471 607 1514 le
628 1484 734 1514 cose
755 1477 907 1515 nostre
928 1470 974 1515 di
997 1469 1164 1516 8311013
1185 1485 1264 1529 per
1279 1478 1572 1528 procuratore
1587 1472 1620 1524 ¹,
1646 1473 1811 1528 perche

181 1545 257 1603 gia
278 1547 338 1591 ho
358 1545 532 1599 scritto,
557 1548 668 1591 hora
689 1561 801 1591 sono
823 1547 898 1592 doi
919 1547 1026 1592 anni
1047 1547 1274 1601 incercha‚
1294 1564 1321 1592 a
1336 1562 1430 1591 uno
1448 1549 1520 1590 ch'
1539 1548 1589 1604 jo
1609 1563 1811 1604 pensauo

177 1624 265 1666 che
286 1622 519 1679 megliodi
541 1622 730 1667 nissuno
751 1623 920 1680 potessi
942 1624 1037 1668 fare
1058 1624 1120 1668 tal
1141 1623 1309 1677 ufficio,
1334 1631 1379 1668 et
1402 1631 1563 1679 questo
1583 1625 1610 1667 0
1640 1625 1807 1680 quello,

176 1699 221 1744 al
248 1700 385 1755 quale
405 1700 455 1755 jo
486 1699 618 1744 lassai
648 1701 692 1744 13
722 1700 939 1755 cantoria,
977 1708 1024 1745 et
1056 1700 1119 1745 lui
1150 1701 1211 1744 mi
1243 1700 1415 1757 rispose
1445 1702 1530 1746 che
1561 1715 1652 1746 non
1688 1703 1811 1746 c'era

179 1790 326 1825 uerso,
362 1776 497 1821 Siche
525 1791 604 1833 per
631 1777 692 1820 tal
719 1776 875 1822 effetto
905 1778 1096 1822 sarebbe
1124 1777 1378 1822 necessario
1410 1791 1502 1820 uno
1530 1778 1586 1821 de
1618 1777 1693 1820 noi
1715 1777 1805 1822 doi.

175 1853 363 1908 Quanto
384 1853 470 1898 alla
490 1854 687 1898 seconda
708 1868 828 1907 cosa,
854 1853 951 1898 0100
973 1853 1150 1899 auisare
1171 1853 1216 1899 di
1237 1855 1343 1910 quel
1365 1856 1450 1898 che
1477 1854 1614 1898 credo
1641 1853 1809 1910 potessi

178 1930 329 1974 ualere
348 1930 392 1974 la
411 1937 538 1987 parte
559 1930 606 1974 di
626 1931 700 1975 noi
723 1931 812 1984 doi,
838 1931 1056 1988 potrebbe
1078 1933 1216 1976 esser’
1236 1932 1399 1975 cercha
1416 1930 1662 1986 cinquanta
1677 1930 1806 1975 scudi

174 2006 234 2052 de
254 2006 355 2051 fitto
377 2009 484 2063 ogn’
510 2022 644 2060 anno,
669 2007 767 2051 cioe
790 2007 1070 2063 uinticintlue
1091 2023 1172 2064 per
1192 2009 1379 2061 huomo,
1404 2014 1450 2052 et
1478 2014 1639 2063 questo
1660 2007 1706 2050 di
1727 2022 1806 2064 pa-

180 2082 402 2127 trimonio.
436 2085 470 2127 ll
497 2086 583 2129 che
609 2084 891 2130 vendendosi
920 2091 1038 2130 tutto
1067 2084 1271 2137 insieme,
1302 2099 1351 2129 se
1382 2099 1439 2127 ne
1466 2085 1686 2141 potrebbe
1712 2090 1807 2128 tro-

178 2173 285 2203 uare
307 2160 415 2203 forsi
435 2160 613 2206 incerca
633 2161 678 2205 di
699 2161 764 2205 sei
784 2175 811 2204 0
833 2167 949 2206 sette
972 2167 1107 2206 cento
1129 2161 1258 2204 seudi
1287 2175 1366 2217 per
1394 2175 1485 2204 una
1515 2161 1658 2213 uolta,
1694 2175 1744 2204 se
1763 2160 1806 2204 10

174 2249 282 2280 cose
319 2236 490 2281 fussino
525 2237 773 2294 pacificate.
813 2240 889 2283 Ma
916 2238 1082 2294 perche
1110 2237 1174 2295 gli
1209 2237 1384 2294 parenti
1420 2244 1650 2281 mostrano
1680 2237 1807 2280 uoler

177 2312 272 2355 fare
305 2314 479 2369 grande
515 2313 767 2357 resistentia
803 2321 848 2358 et
875 2313 1212 2358 contradittioni
1245 2316 1331 2359 che
1363 2328 1455 2357 non
1486 2313 1525 2356 si
1562 2310 1726 2366 uenda',
1755 2313 1805 2369 jo

175 2403 316 2446 penso
337 2391 422 2433 che
443 2404 579 2434 senza
600 2391 772 2447 grande
793 2390 992 2447 litte'per
1012 2392 1122 2435 hora
1149 2405 1242 2434 non
1263 2397 1467 2447 potremo
1496 2391 1646 2432 cauar'
1673 2389 1703 2432 11
1726 2379 1803 2432 ca*-

174 2465 326 2522 pitale.
353 2468 428 2511 Ma
448 2467 596 2522 quello
617 2467 703 2509 che
724 2466 784 2509 mi
809 2480 993 2510 occorre
1020 2466 1058 2510 si
1086 2466 1253 2523 pottesi
1276 2467 1385 2519 fare,
1411 2467 1601 2510 sarebbe
1621 2472 1800 2521 questo:

172 2541 276 2586 cioe
296 2557 458 2587 cauare
478 2543 669 2599 qualche
689 2557 860 2587 somma
881 2544 938 2588 de
959 2542 1117 2586 danari
1138 2545 1267 2597 hora,
1291 2557 1422 2587 corne
1450 2543 1640 2587 sarebbe
1668 2550 1804 2586 cento

175 2632 204 2661 0
224 2626 356 2663 cento
377 2625 423 2662 et
444 2619 688 2676 cinquanta
709 2619 853 2673 scudi,
873 2634 922 2664 se
939 2619 1125 2678 possibil
1146 2619 1275 2673 fussi,
1300 2627 1346 2663 et
1368 2619 1464 2662 dire
1486 2620 1571 2663 che
1592 2618 1686 2673 noi,
1704 2618 1804 2667 cioe

174 2696 287 2739 Mro.
310 2695 508 2740 Annibal
529 2710 556 2739 o
571 2696 637 2751 jo,
662 2695 804 2740 siamo
824 2695 1020 2741 debitori
1040 2695 1086 2740 di
1109 2696 1222 2741 tanti
1244 2696 1415 2748 danari,
1441 2710 1570 2740 come
1593 2694 1669 2752 gia
1687 2695 1804 2741 altre

247 2839 258 2859 ¹
308 2837 366 2872 Ex
383 2837 620 2887 autographo
637 2836 677 2872 111
694 2838 777 2873 vol.
800 2837 845 2882 F,
863 2836 1010 2884 duplici
1027 2836 1135 2880 folio,
1154 2849 1194 2873 11.
1212 2845 1270 2883 14,
1290 2836 1395 2884 prius
1413 2836 1458 2872 82
1469 2862 1478 2872 .

242 2899 257 2919 ²
308 2897 442 2932 Sermo
460 2902 521 2932 est
537 2895 587 2932 de
603 2908 646 2932 re
664 2896 843 2932 familiari
868 2895 1059 2932 Ludovici
1081 2901 1122 2932 et
1146 2895 1352 2932 Annibalis
1378 2895 1427 2931 de
1446 2894 1657 2940 Coudreto‚
1685 2894 1798 2942 cujus

173 2955 411 2993 mentionem
429 2956 513 3002 ipse
531 2955 751 2991 Ludovieus
770 2954 863 2991 facit
880 2955 920 2991 in
937 2954 1053 3002 epist.
1074 2954 1157 3001 298,
1176 2966 1198 2990 a
1222 2954 1335 2991 nobis
1353 2953 1457 2990 edita
1484 2954 1615 3001 Epist.
1634 2953 1801 2996 Mixtae,

175 3019 207 3050 t.
231 3023 274 3059 11,
292 3025 385 3062 pag.
408 3013 495 3060 344.
