2014 3476
326 199 393 246 158
598 186 602 190 ’
816 200 1049 236 EPISToLAE
1075 199 1363 236 Mutua—800

367 303 425 345 In
452 302 584 345 tertia
609 302 808 360 pagina:
843 312 921 357 155
955 303 984 345 ¹.
1017 301 1252 359 Augubio.
1287 303 1477 346 Alberto
1505 304 1748 348 Ferrarese
1785 317 1842 363 29
1873 304 1919 348 di

279 378 538 436 Aprile-Et
563 380 730 422 iterum
752 380 785 423 ²:
812 379 1000 425 Hiermo
1022 380 1184 423 Nadal.

1039 598 1165 638 80ss

831 687 1161 724 FRANCISCUS
1187 687 1365 726 PORCU

594 774 804 817 PATRI
842 773 1139 816 IGNATIO
1178 773 1268 816 DE
1309 773 1601 818 LOYOLA

783 875 984 903 PANORMO
1008 866 1052 902 28
1077 874 1238 902 APRILIS
1265 874 1356 912 1554
1381 868 1414 903 ⁵.

645 951 810 986 Suorum
827 956 1006 986 votorum
1024 949 1228 986 formulam
1247 950 1401 997 Ignatio
1419 951 1553 988 mittit.

1089 1027 1111 1063 †

1045 1066 1145 1122 Jhs.

373 1154 518 1197 Multo
540 1155 652 1197 Rdo.
676 1153 723 1197 in
744 1155 862 1210 Xpo.
891 1154 1053 1198 Padre.

371 1232 436 1275 La
458 1230 603 1288 gratia
625 1238 670 1274 et
691 1231 823 1288 pachi
844 1231 890 1274 di
911 1231 997 1276 X.⁰
1019 1238 1175 1276 nostro
1198 1231 1369 1289 signori
1397 1231 1463 1276 sia
1491 1233 1658 1290 sempri
1686 1234 1734 1277 in
1759 1241 1915 1279 nostro

280 1307 499 1353 continuo
523 1308 678 1353 fauore
698 1314 743 1353 et
764 1309 903 1353 aiuto.
930 1310 1095 1353 Amen.
1130 1309 1292 1354 Perchi
1320 1309 1409 1354 Dio
1437 1324 1518 1366 per
1539 1325 1622 1354 sua
1643 1312 1782 1356 bonta
1803 1311 1865 1356 mi
1886 1328 1914 1357 a

279 1388 393 1431 fatto
415 1387 721 1432 misericordia
748 1395 794 1432 et
821 1387 993 1432 datumi
1021 1387 1169 1446 gratia
1196 1388 1241 1432 di
1271 1389 1416 1432 farimi
1443 1389 1600 1433 intrari
1628 1389 1675 1432 in
1702 1391 1745 1434 la
1771 1390 1914 1434 Com-

279 1464 447 1522 pagnia
478 1465 714 1509 nominata
740 1465 787 1508 di
815 1467 915 1509 Iesu
944 1472 1078 1523 supta
1105 1461 1362 1511 obedientia
1391 1467 1437 1510 di
1465 1468 1523 1511 V.
1555 1469 1610 1510 R.
1643 1469 1716 1520 P.,
1748 1481 1806 1510 eu
1834 1482 1914 1524 per

277 1541 442 1584 honuri
470 1549 515 1586 et
543 1541 687 1599 gloria
714 1542 759 1585 di
788 1542 886 1599 ipso
915 1542 1004 1586 Dio
1032 1543 1158 1586 faczo
1181 1550 1291 1587 uoto
1314 1550 1360 1588 et
1381 1550 1606 1600 prometto
1629 1545 1686 1587 ad
1707 1543 1806 1601 ipso
1825 1543 1915 1588 Dio

278 1618 436 1675 signor
458 1627 612 1663 nostro
641 1620 713 1663 chi
742 1626 873 1663 tuctu
900 1620 947 1663 lu
977 1627 1128 1676 tempo
1156 1620 1201 1663 di
1227 1622 1271 1664 la
1302 1620 1396 1664 uita
1425 1620 1514 1664 mia
1543 1620 1588 1664 di
1616 1620 1850 1666 obseruari
1871 1621 1915 1665 la

277 1704 436 1740 sancta
457 1696 633 1750 castita,
658 1696 838 1754 pouirta
855 1703 900 1742 et
915 1697 1173 1742 obedientia
1189 1705 1322 1755 supta
1337 1699 1385 1741 lu
1402 1698 1512 1755 iugo
1529 1698 1574 1742 di
1590 1698 1739 1754 quista
1755 1705 1914 1742 sancta

282 1774 564 1827 uocactione‚
585 1774 711 1830 quali
733 1789 787 1818 su
809 1781 927 1818 stato
949 1774 1174 1818 chiamato
1200 1774 1246 1817 in
1275 1774 1424 1831 quista
1452 1782 1608 1819 sancta
1630 1775 1913 1833 Compagnia

277 1851 325 1894 di
347 1852 444 1895 Ieso
466 1859 512 1896 et
534 1852 683 1908 quisto
705 1837 930 1908 prometto
952 1867 978 1896 a
999 1852 1087 1896 Dio
1109 1859 1155 1896 et
1176 1867 1202 1895 a
1223 1853 1266 1896 la
1287 1867 1370 1896 sua
1395 1852 1528 1896 matri
1555 1852 1722 1910 sempri
1745 1851 1912 1909 uirgini

278 1929 421 1973 Maria
441 1945 522 1986 per
542 1944 676 1973 mano
698 1929 743 1972 di
765 1930 822 1974 V.
851 1930 902 1973 P.
931 1931 984 1973 R.
1011 1929 1056 1973 di
1078 1929 1156 1986 piu
1179 1936 1298 1974 tosto
1319 1929 1471 1973 moriri
1493 1930 1567 1974 chi
1589 1929 1635 1973 di
1655 1929 1806 1986 quisto
1829 1944 1911 1975 ue-

275 2005 347 2049 nir
368 2021 517 2060 meno,
543 2006 580 2050 si
610 2007 759 2064 plachi
787 2023 813 2052 a
841 2008 898 2051 V.
931 2008 984 2050 R.
1019 2009 1070 2051 P.
1105 2007 1319 2063 aceptarli
1347 2007 1407 2050 mi
1430 2009 1562 2064 porra
1578 2007 1710 2051 darra
1731 2006 1909 2051 lisentia

262 2085 384 2142 ‚aczo
405 2084 479 2127 chi
501 2084 578 2127 tali
600 2083 695 2127 uoti
712 2085 942 2128 conferma
963 2098 1053 2128 cun
1076 2084 1119 2127 la
1141 2084 1397 2129 obedientia
1418 2084 1464 2127 di
1489 2085 1546 2129 V.
1575 2087 1627 2128 P.

348 2254 359 2274 ¹
409 2252 551 2288 Mirum
569 2263 663 2288 sane
681 2257 741 2287 est
758 2256 851 2299 quot
864 2240 1158 2287 emendationes
1175 2251 1369 2287 subierint
1386 2250 1539 2287 numeri
1552 2251 1658 2298 prius
1672 2251 1760 2286 heic
1774 2250 1909 2298 positi.

276 2311 375 2348 Nam
389 2313 452 2348 vel
467 2312 707 2359 scripserunt
728 2320 831 2357 1555,
851 2317 891 2348 et
904 2316 1122 2359 postremus
1140 2322 1325 2346 numerus
1343 2322 1557 2347 conversus
1571 2310 1712 2346 deinde
1729 2315 1790 2347 est
1807 2310 1848 2346 in
1865 2320 1907 2356 4,

275 2373 341 2407 vel
358 2377 494 2408 eontra
513 2371 751 2419 scripserunt
769 2371 875 2418 prius
896 2378 988 2417 1534
1006 2375 1046 2406 et
1064 2375 1262 2406 mutarunt
1279 2370 1421 2406 deinde
1439 2381 1465 2415 4
1480 2371 1519 2406 in
1538 2381 1578 2415 5.

347 2434 361 2453 ²
411 2431 511 2467 Heic
524 2431 622 2467 alius
635 2432 843 2466 notabatur
856 2442 1040 2466 numerus
1054 2430 1159 2476 anni,
1169 2441 1246 2477 quo
1261 2429 1425 2477 epistola
1439 2431 1650 2477 putabatur
1663 2428 1821 2476 scripta,
1836 2427 1907 2465 sed

276 2489 432 2527 deletus
450 2491 592 2526 deinde
610 2490 698 2526 fuit.

348 2551 363 2571 ³
411 2551 470 2586 Ex
487 2551 727 2597 autographo
740 2551 779 2586 in
798 2551 876 2585 vol.
895 2551 942 2595 E,
960 2549 1105 2596 duplici
1123 2548 1229 2595 folio,
1248 2560 1284 2584 n.
1307 2548 1366 2593 87,
1385 2547 1491 2595 prius
1513 2548 1596 2593 176.
1612 2549 1787 2595 —Juvat,
1804 2548 1908 2594 grati

273 2609 394 2645 animi
411 2621 542 2655 causa,
561 2611 657 2645 haec
673 2621 722 2644 ex
738 2609 954 2655 POLANCO‚
974 2613 1002 2644 t.
1017 2617 1073 2655 IV,
1092 2619 1182 2655 pag.
1197 2616 1281 2654 211,
1296 2620 1335 2642 n.
1354 2607 1438 2652 468,
1453 2607 1501 2642 de
1516 2612 1675 2643 auctore
1693 2607 1808 2653 hujus
1826 2607 1907 2654 epi—

271 2670 396 2705 stolae
415 2680 638 2717 excerpere:
661 2669 753 2704 «Vir
770 2668 927 2716 quidam
944 2670 1069 2704 bonus
1094 2666 1371 2713 messanensis,
1390 2667 1546 2703 nomine
1567 2667 1796 2703 Franciscus
1814 2666 1907 2702 Por-

270 2728 364 2775 tius,
383 2728 621 2764 Societatem
639 2729 710 2764 hoc
728 2740 821 2763 vere
840 2728 1053 2774 ingressus,
1073 2728 1306 2762 Panormum
1324 2738 1367 2761 se
1384 2726 1563 2769 contulit,
1580 2731 1620 2762 et
1637 2738 1726 2762 cum
1743 2727 1907 2775 haberet

271 2793 496 2824 numeratae
520 2788 709 2835 pecuniae
733 2787 815 2822 fere
840 2787 1076 2834 quingentos
1095 2797 1247 2832 aureos,
1265 2785 1367 2832 apud
1384 2786 1592 2822 Rectorem
1611 2794 1904 2821 messanensem

269 2847 468 2895 deposuit,
487 2853 530 2883 ut
556 2859 624 2895 pro
647 2847 806 2883 arbitrio
831 2847 878 2882 P.
910 2846 1052 2892 Ignatii
1076 2845 1314 2892 disponeret.
1340 2846 1427 2881 Hoc
1451 2845 1589 2881 eodem
1610 2856 1711 2880 anno
1729 2856 1819 2880 cum
1837 2844 1910 2881 Pa-

271 2918 449 2942 normum
467 2907 656 2953 venisset,
675 2911 715 2942 et
729 2906 768 2941 in
787 2905 1081 2952 probationibus
1096 2904 1255 2951 egregie
1274 2916 1317 2940 se
1329 2910 1500 2950 gereret,
1516 2904 1556 2940 in
1570 2904 1770 2940 meliorem
1785 2903 1907 2940 vitam

271 2977 321 3001 ex
340 2967 411 3002 hac
429 2966 624 3012 migravit,
644 2977 732 3001 curn
751 2966 879 3001 omnia
903 2969 1145 3000 sacramenta
1163 2963 1306 2999 devote
1330 2964 1584 3011 suscepisset,
1603 2975 1692 2999 eum
1716 2963 1908 3011 optimum

271 3025 431 3061 odorem
450 3037 544 3061 suae
562 3024 788 3073 patientiae,
808 3024 1055 3060 obedientiae
1074 3028 1113 3058 et
1126 3022 1356 3059 humilitatis
1374 3023 1668 3070 reliquisset...»
