2014 3470
272 213 343 260 376
761 215 1000 252 EPISTOLAE
1030 215 1319 262 Mutus-869

223 315 350 360 ribus
371 315 604 372 discipulis
625 316 795 373 primae
817 316 997 370 classis,
1023 323 1069 361 et
1091 315 1187 360 aliis
1209 316 1424 360 studiosis
1449 316 1693 361 iuuenibus
1714 323 1760 360 et
1781 331 1855 361 sa-

223 387 484 431 cerdotibus
512 388 815 444 praelegerem
835 387 1156 432 Demosthenis
1184 387 1411 432 orationes
1432 402 1588 442 mane,
1613 403 1640 431 a
1667 387 1855 445 prandio

222 470 375 508 autern
398 463 635 508 Ciceronis
654 464 819 518 officia,
846 471 891 508 et
909 464 1125 520 temporis
1148 479 1412 521 progressu,
1437 465 1699 522 praesertim
1721 465 1768 508 in
1789 465 1857 508 al-

223 547 320 585 tera
350 542 506 594 domo,
537 541 747 586 adderem
776 542 920 598 plura.
952 540 1187 585 Fratribus
1216 555 1349 598 porro
1376 541 1586 598 priuatim
1621 542 1857 599 praelege-

222 632 317 662 rem
342 625 437 662 tum
460 618 802 677 grammaticam
825 633 1037 676 graecam
1054 625 1099 661 et
1121 617 1329 662 Isocratis
1359 618 1607 672 orationes,
1633 625 1730 662 tum
1751 619 1857 662 rhe-

223 694 426 748 toricem,
451 697 537 738 hoc
559 702 644 749 est,
671 695 1022 752 Quintilianum,
1042 702 1088 738 et
1109 694 1270 738 diebus
1288 695 1414 740 festis
1435 695 1608 751 aliquas
1625 694 1858 740 Ciceronis

223 771 468 825 orationes,
494 786 586 827 quo
607 779 653 816 et
674 772 925 828 praeceptis
952 779 999 816 et
1029 786 1114 815 usu
1144 771 1191 815 in
1212 773 1298 816 hac
1324 771 1530 817 doctrina
1559 771 1738 818 dicendi
1760 773 1858 815 fru-

222 848 429 892 ctuosius
450 849 819 906 progrediantur,
844 856 890 892 et
911 849 1070 893 iisdem
1092 849 1331 892 artificium
1359 849 1641 893 declamandi
1662 856 1709 894 et
1729 863 1858 893 com-

223 926 535 981 ponendarum
559 926 816 969 orationum
839 927 1079 980 traderem,
1105 927 1228 982 quod
1256 934 1302 971 et
1324 926 1544 971 foeliciter
1565 927 1860 983 praestabunt

224 1003 284 1045 ob
311 1002 484 1059 ingenii
513 1003 779 1047 claritatem.
814 1003 889 1046 Ad
923 1004 1038 1048 haec
1065 1004 1184 1047 idem
1209 1005 1345 1047 Pater
1377 1010 1561 1060 exoptat
1595 1002 1726 1047 nobis
1753 1003 1860 1047 dare

220 1093 422 1135 operam,
450 1086 545 1123 tum
568 1079 616 1122 in
637 1079 803 1133 latinis,
830 1087 927 1123 tum
950 1079 996 1123 in
1018 1079 1282 1133 dialecticis,
1307 1095 1411 1123 nam
1430 1087 1476 1125 et
1491 1080 1857 1137 praescripserat,

224 1161 276 1199 ut
297 1162 376 1199 aut
399 1157 675 1201 Caesareum
709 1158 738 1210 ¹,
764 1163 843 1200 aut
872 1156 1229 1213 Trapezuntium
1258 1157 1273 1178 ²
1303 1156 1639 1214 interpretarer,
1667 1171 1758 1213 quo
1785 1171 1859 1201 sa-

226 1232 423 1289 pientius
455 1247 555 1278 sese
584 1233 630 1276 in
658 1233 958 1290 concionibus
985 1241 1163 1291 gerant.
1196 1233 1327 1278 Edidi
1354 1233 1614 1279 hisdiebus
1643 1233 1860 1290 quasdam

222 1309 455 1354 orationes
477 1310 525 1353 in
547 1310 806 1354 studiorum
828 1311 1188 1364 renouationem,
1215 1325 1268 1355 ac
1289 1310 1416 1368 cupit
1439 1313 1592 1364 Pater,
1619 1317 1670 1354 ut
1691 1317 1737 1356 et
1753 1310 1863 1354 alias

221 1388 444 1442 quasdam
475 1389 704 1433 elaborem
733 1388 780 1430 in
809 1389 971 1431 domus
1004 1396 1050 1432 et
1072 1388 1325 1432 studiorum
1357 1387 1716 1442 renouationem,
1749 1401 1861 1444 quas

227 1471 274 1508 et
300 1463 396 1521 ipse
427 1471 474 1508 et
504 1465 647 1508 nostri
674 1465 912 1510 habebunt
939 1479 1090 1509 coram
1117 1467 1175 1509 D.
1207 1465 1436 1522 episcopO,
1461 1468 1754 1510 Maecaenate
1782 1478 1861 1508 no·

227 1547 324 1584 stro
346 1542 378 1595 ³,
404 1541 651 1595 canonicis,
677 1549 723 1585 et
744 1541 942 1586 ciuitatis
964 1542 980 1563 ⁴
1004 1542 1290 1599 primoribus,
1315 1541 1360 1585 in
1384 1541 1550 1598 quibus
1571 1541 1864 1586 conficiendis

226 1624 275 1662 et
296 1618 506 1662 limandis
530 1621 561 1671 ⁵,
588 1626 634 1663 et
656 1619 805 1662 ocium
827 1625 875 1663 et
894 1619 1100 1663 doctrina
1121 1619 1334 1676 exigitur.
1362 1619 1626 1662 Praefectus
1642 1633 1744 1662 sum
1765 1632 1863 1661 ma—

228 1694 399 1751 gistris,
428 1703 476 1739 ut
499 1703 545 1740 et
567 1711 727 1740 eorum
750 1697 938 1739 modum
962 1702 1008 1740 et
1030 1695 1249 1739 rationem
1275 1694 1468 1740 docendi
1495 1697 1793 1752 explorarem,
1818 1701 1864 1738 et

229 1772 389 1815 ludum
412 1773 685 1825 moderarer,
712 1788 816 1816 nam
840 1774 978 1818 Pater
999 1788 1091 1816 non
1113 1780 1262 1829 potest
1283 1772 1354 1816 his
1376 1773 1512 1816 rebus
1533 1786 1713 1816 uacare.

319 1850 369 1892 In
392 1849 595 1893 discessu
619 1849 768 1892 fratris
789 1849 1007 1894 Gulielmi
1029 1852 1043 1873 ⁶
1063 1849 1209 1907 magis
1227 1857 1296 1894 est
1312 1849 1567 1895 necessaria
1588 1864 1688 1894 mea
1710 1863 1859 1906 opera.

228 1927 347 1969 Nam
377 1928 434 1970 D.
467 1926 761 1971 Sebastianus
793 1928 830 1980 ⁷,
861 1926 939 1983 qui
966 1927 1029 1969 illi
1058 1927 1294 1979 succedet,
1327 1926 1521 1982 quanuis
1548 1926 1735 1983 ingenio
1767 1941 1864 1970 ma-

307 2065 318 2085 ¹
368 2064 428 2098 De
459 2063 663 2100 dialectica
693 2064 856 2110 Joannis
886 2063 1060 2100 Caesarii
1090 2069 1213 2110 agunt
1243 2064 1361 2100 etiam
1394 2064 1493 2100 Litt.
1535 2064 1718 2109 Quadr„
1748 2068 1778 2100 t.
1808 2072 1865 2110 lv,

231 2133 323 2169 pag.
344 2121 430 2167 583.

254 2229 256 2233 ι
303 2184 317 2204 ²
370 2181 587 2228 «Georgius
612 2183 922 2229 trapezuntinus,
949 2184 1146 2219 Romanae
1171 2182 1281 2219 Fidei
1306 2175 1497 2229 Graecus,
1516 2187 1556 2218 et
1580 2182 1867 2220 Ortodoxorum

232 2241 457 2287 dogmatum
483 2246 618 2277 contra
642 2253 800 2278 suorum
825 2254 976 2278 errores
1002 2243 1186 2278 Assertor
1211 2241 1399 2286 eximius,
1423 2242 1463 2277 in
1486 2241 1638 2277 Italiam
1669 2243 1717 2277 ab
1740 2242 1867 2288 Euge-

232 2300 299 2335 nio
312 2300 367 2335 IV
381 2305 558 2347 vocatus,
574 2300 744 2336 Graecas
759 2301 923 2346 litteras,
937 2301 1132 2348 Artesque
1147 2301 1327 2336 liberales
1341 2301 1488 2336 Romae
1501 2300 1672 2346 gloriose
1687 2299 1865 2336 docuit...

233 2358 434 2395 Cretensis
458 2359 582 2406 patria
611 2359 699 2406 fuit,
718 2360 893 2407 obiitque
922 2372 990 2396 an.
1023 2361 1153 2406 1486».
1187 2361 1384 2395 MJCHAEL
1409 2369 1437 2395 Α
1461 2359 1560 2395 STo.
1587 2361 1774 2406 JOSEPH,
1798 2360 1868 2396 Bi-

232 2418 491 2465 bliographia
508 2418 664 2460 critica,
685 2423 716 2454 t.
741 2428 783 2464 11,
803 2430 894 2465 pag.
920 2418 1003 2455 332.
1030 2420 1151 2454 Multa
1169 2418 1323 2466 proprio
1341 2423 1463 2454 marte
1485 2418 1655 2465 scripsit,
1679 2419 1867 2465 pluraque

235 2488 284 2511 ex
301 2477 453 2522 graecis
472 2477 665 2513 latinitate
683 2476 857 2513 donavit.
878 2477 940 2515 Cf.
965 2478 1058 2513 Litt.
1086 2478 1264 2523 Quadr„
1286 2482 1314 2512 t.
1340 2486 1367 2523 1,
1391 2488 1485 2524 pag.
1508 2475 1592 2522 355,
1618 2476 1685 2512 ubi
1708 2476 1757 2512 de
1782 2476 1867 2523 ejus

234 2535 344 2573 libris
362 2536 578 2572 dialecticis
593 2547 720 2572 sermo
739 2542 814 2572 est.

307 2597 322 2616 ⁵
372 2596 464 2631 Erat
482 2607 599 2642 saepe
617 2595 795 2632 laudatus
815 2597 986 2642 Joannes
1004 2587 1234 2643 Campeggi.

306 2656 322 2676 ⁴
372 2655 449 2690 Ms.
472 2655 723 2691 ciuitatibus.

308 2715 322 2735 ⁵
372 2714 503 2749 Verba
520 2715 616 2750 haec
635 2719 829 2761 postrema
847 2714 895 2750 ad
910 2715 1123 2761 marginem
1139 2713 1265 2761 posita
1278 2718 1383 2758 sunt,
1398 2713 1446 2749 ad
1460 2713 1702 2749 emendanda
1715 2712 1868 2749 scilicet

233 2785 335 2820 quae
353 2773 459 2820 prius
476 2773 620 2820 scripta
637 2773 761 2809 fuere:
781 2775 826 2809 in
843 2786 923 2820 qua
940 2774 1187 2822 conficienda
1204 2776 1240 2809 et
1258 2773 1461 2809 limanda.

259 2864 261 2866 .
308 2833 323 2854 ⁸
373 2832 439 2868 Sic
462 2832 560 2879 ipse,
586 2832 704 2868 tacito
732 2833 977 2879 cognomine,
1009 2833 1222 2870 subscribit
1245 2831 1464 2879 epistolam,
1489 2844 1588 2880 quae
1613 2837 1674 2868 est
1698 2831 1739 2867 in
1763 2832 1863 2868 Litt.

241 2893 416 2937 Quadam,
437 2897 469 2927 t.
493 2901 550 2934 111
570 2904 660 2939 pag.
681 2892 740 2927 26—
728 2902 802 2937 29.
1790 2923 1792 2925 .

310 2954 323 2972 ⁷
374 2953 434 2987 De
452 2951 511 2987 his
530 2952 659 2996 sociis,
679 2951 926 2999 Sebastiano,
951 2952 1141 3000 Baptista,
1167 2957 1243 2988 etc.
1271 2951 1388 2993 «nihil
1413 2956 1567 2999 praeter
1591 2935 1733 2987 nomen
1758 2949 1869 2986 novi-

239 3022 368 3046 mus».
395 3011 492 3046 Litt.
519 3012 695 3056 Quadr„
715 3016 745 3047 t.
764 3020 819 3056 111,
839 3023 927 3058 pag.
951 3011 1032 3059 173,
1052 3016 1183 3048 annot.
1204 3022 1240 3056 4.
