2034 3476
1432 141 1457 171 o

298 215 369 253 360
790 218 1029 255 EPISTOLAE
1059 217 1346 263 Murrius—865

340 321 430 363 Por
457 325 555 363 esta
582 332 642 362 no
663 319 814 376 puedo
840 323 937 364 mas
967 320 1249 377 allargarme:
1281 319 1457 376 suplico
1479 323 1506 363 a
1527 320 1581 364 V.
1607 320 1682 372 P.,
1713 325 1884 375 quanto

248 397 398 454 puedo
420 411 477 440 en
499 396 541 440 el
562 396 724 450 Sefior,
750 410 839 453 que
860 411 933 440 me
950 403 1090 454 tenga
1105 411 1187 453 por
1204 397 1590 442 encommendado
1606 411 1665 441 en
1681 410 1760 440 sus
1777 410 1884 440 san-

251 480 321 517 tos
340 472 586 517 sacrificios
608 487 638 530 y
659 473 903 527 orationes,
935 488 1023 530 que
1051 474 1095 517 lo
1123 475 1182 517 he
1209 475 1376 517 mucho
1398 480 1642 520 menester.
1667 474 1740 518 De
1761 474 1884 518 Mes-

251 549 350 594 sina
385 554 411 594 a
450 562 504 605 23
543 549 601 592 de
637 549 910 596 Settiembre
954 560 1080 605 1554.
1122 551 1192 594 De
1230 550 1287 594 V.
1336 551 1389 594 P.
1429 549 1599 594 humile
1636 549 1786 595 sieruo
1827 564 1886 595 en

245 628 358 685 Jesu
380 629 483 681 X.⁰‚

932 706 1008 762 Jo.
1035 705 1331 749 H1ER6NYM0
1353 705 1645 750 DOMENECH.

342 782 601 838 Inscriptio:
622 781 651 840 †
674 783 735 826 Al
754 782 894 825 molto
916 782 1032 825 Rdo.
1052 780 1100 824 in
1116 773 1482 834 Christo'Padre,
1501 781 1534 824 il
1551 783 1604 825 P.
1626 783 1689 826 M.
1709 779 1887 838 Ignatio

250 858 310 902 de
346 859 534 915 Loyola,
574 858 802 916 preposito
839 859 1052 916 generale
1088 859 1206 904 della
1237 858 1520 916 Compagnia
1556 858 1601 902 di
1636 858 1796 903 Giesu.
1837 858 1888 901 In

254 936 406 979 Roma.

1012 1165 1135 1206 865

754 1277 996 1325 JOANNES
1023 1278 1388 1316 PELLETARIUS

631 1375 819 1419 PATRI
851 1375 1113 1419 IGNATIO
1146 1377 1229 1419 DE
1261 1375 1521 1420 LOYOLA

698 1489 911 1518 FERRARlA
937 1489 983 1526 24
1007 1489 1266 1518 SEPTEMBms
1297 1488 1388 1527 1554
1415 1483 1445 1517 ¹.

251 1581 419 1626 Renata,
450 1580 610 1628 ejuratis
635 1581 920 1617 haereticorum
946 1581 1174 1629 mendaciis,
1199 1582 1248 1618 ad
1272 1583 1413 1618 bonam
1437 1581 1591 1628 frugem
1614 1592 1657 1616 se
1682 1580 1891 1627 convertit,

324 1651 553 1687 summoque
569 1640 713 1687 gaudio
731 1641 1004 1677 ferrariensem
1022 1640 1229 1688 dynastam
1248 1646 1288 1677 et
1305 1640 1518 1677 catholicos
1535 1651 1671 1676 omnes
1687 1639 1821 1677 afficit.

1064 1718 1086 1753 †

1021 1756 1121 1813 jhs.

346 1848 411 1892 La
433 1847 589 1891 diuina
612 1847 759 1904 gratia
780 1855 827 1892 et
849 1862 1002 1893 amore
1022 1849 1097 1893 del
1118 1848 1275 1906 signor
1296 1855 1455 1892 nostro
1477 1849 1590 1907 Jesu
1617 1847 1704 1893 X.⁰
1727 1847 1898 1892 abundi

257 1939 437 1981 sempre
459 1939 517 1968 ne
539 1926 570 1967 l’
595 1924 734 1968 animi
756 1924 915 1970 nostri.
941 1926 1108 1970 Amen.

350 2003 528 2058 Questa
549 2003 653 2046 sara
673 2017 754 2058 per
776 2001 958 2059 gridare
980 2017 1067 2047 con
1089 2002 1277 2060 l'angeli
1299 2018 1326 2046 a
1347 2004 1406 2048 V.
1433 2005 1506 2048 P.:
1532 2004 1653 2047 Ecce
1674 2001 1902 2046 annuncio

258 2078 391 2123 vobis
414 2078 637 2136 gaudium
660 2093 896 2135 magnum,
923 2081 1048 2135 quod
1066 2080 1151 2125 erit
1173 2080 1297 2123 omni
1319 2081 1486 2137 populo
1509 2081 1542 2124 ².

348 2157 556 2200 Madama
578 2163 737 2200 contra
765 2156 874 2213 ogni
906 2157 1207 2214 espettatione
1229 2159 1265 2201 s'
1291 2158 1316 2201 ὲ
1338 2158 1599 2201 confessata
1620 2156 1827 2210 venerdi,
1853 2162 1900 2200 et

259 2233 403 2290 hoggi
425 2232 777 2288 communicata,
804 2236 876 2277 ch’
901 2235 927 2278 e
949 2234 1193 2289 dominica,
1219 2250 1246 2278 a
1267 2250 1355 2280 me.
1382 2234 1550 2291 Sappia
1571 2235 1614 2278 la
1636 2235 1690 2278 P.
1717 2234 1770 2278 V.
1795 2235 1897 2287 che,

259 2310 410 2367 doppo
437 2309 468 2352 li
496 2310 630 2367 primi
657 2311 909 2367 congressi,
940 2313 1025 2356 che
1054 2312 1187 2355 furno
1217 2311 1293 2369 gia
1319 2325 1514 2369 passano
1542 2311 1617 2354 doi
1648 2297 1776 2363 mesi,
1807 2324 1900 2354 non

260 2388 440 2431 haueua
466 2387 640 2444 parlato
668 2400 755 2430 con
784 2387 858 2442 lei,
891 2388 1089 2432 arriuato
1122 2389 1272 2445 quello
1293 2390 1379 2433 che
1402 2388 1569 2433 uienne
1597 2388 1654 2432 da
1675 2393 1803 2444 parte
1824 2386 1899 2431 del

260 2478 326 2516 re,
351 2463 382 2506 il
399 2465 548 2519 quale,
570 2464 682 2507 fatta
698 2464 740 2507 la
757 2478 872 2508 suoa
894 2465 1139 2509 ambatiata
1160 2473 1206 2509 et
1222 2464 1512 2509 rimostratali
1530 2479 1642 2508 suoa
1658 2463 1816 2517 errori,
1836 2462 1900 2507 ri-

337 2603 347 2623 ¹
397 2602 457 2637 Ex
475 2602 717 2648 autographo
735 2601 775 2636 in
794 2602 875 2637 vol.
899 2603 946 2648 E,
964 2601 1111 2649 duplici
1129 2601 1297 2649 f01i0,n.
1320 2601 1382 2649 67,
1400 2601 1508 2649 prius
1528 2610 1612 2649 109,
1633 2601 1837 2637 110.--Est
1863 2599 1903 2636 in

262 2659 353 2695 eod.
378 2661 456 2695 vol.
477 2664 764 2707 transumptum
782 2670 972 2696 coaevum
989 2661 1105 2708 hujus
1121 2661 1253 2708 epist.‚
1272 2660 1419 2708 duplici
1432 2660 1541 2707 folio,
1555 2673 1597 2696 n.
1617 2660 1679 2705 66,
1694 2659 1802 2707 prius
1819 2658 1904 2704 108,

262 2718 366 2765 quod
383 2720 432 2754 ab
452 2719 708 2766 autographo,
727 2719 831 2766 quod
849 2719 1015 2764 edimus,
1035 2719 1189 2766 exiguis
1208 2725 1249 2755 et
1266 2719 1411 2756 nullius
1429 2719 1618 2756 momenti
1635 2720 1754 2755 rebus
1767 2716 1905 2755 distin-

262 2777 414 2824 guitur.
438 2778 652 2814 Versiones
667 2777 831 2825 hujusce
847 2779 1037 2825 epistolae
1052 2780 1187 2826 plures
1205 2790 1294 2815 esse
1313 2778 1437 2815 factas
1455 2783 1611 2815 constat
1624 2789 1674 2814 ex
1687 2778 1907 2819 POLANCO‚

264 2841 298 2871 t.
328 2845 384 2883 lv,
408 2847 502 2883 pag.
538 2836 598 2884 82,
626 2836 665 2872 in
689 2842 838 2884 annot.,
863 2849 963 2885 quae
989 2849 1078 2885 pag.
1099 2838 1141 2873 81
1163 2837 1316 2885 incipit:
1336 2837 1578 2885 hispanicam
1601 2848 1696 2873 vero
1718 2837 1841 2872 habes
1865 2834 1906 2871 in

266 2893 413 2931 cartas
430 2896 477 2932 de
497 2896 582 2931 San
601 2896 782 2944 Ignacio,
803 2901 836 2932 t.
861 2906 917 2944 lv,
935 2909 1024 2945 pag.
1045 2896 1412 2943 523-527.—Nostra
1430 2902 1561 2933 autem
1579 2897 1700 2944 epist.
1723 2906 1818 2932 usus
1843 2898 1906 2931 est

263 2954 485 3004 POLANCO,
504 2959 537 2991 t.
561 2964 618 3002 ιν,
637 2966 730 3002 pag.
753 2955 815 3001 76,
834 2963 894 3001 77,
914 2968 957 2992 n.
985 2955 1153 3002 133-135.

335 3016 350 3034 ²
401 3013 503 3050 Luc.
525 3023 567 3060 11,
590 3023 647 3050 10.
