2060 3432
806 245 810 249 “
837 249 972 285 Innssx
997 256 1189 285 conicum
1307 294 1310 299 Ι
1710 250 1780 297 879

196 352 387 411 positus,
423 351 497 396 cui
534 351 693 397 titulus
728 351 775 395 in
811 365 1087 408 pergameno
1122 351 1256 395 dorso
1296 352 1580 396 «INFORM.
1617 352 1624 410 Ι
1651 353 1827 396 ΑΝΤΙ-

196 429 398 486 QUAE»
414 463 422 471 .

287 505 508 549 Continet
540 511 837 549 monumenta
869 517 1020 559 1-134,
1051 504 1228 561 lapideo
1256 505 1360 549 stilo
1388 505 1589 558 recenti‚'
1609 506 1827 550 continuo

196 576 355 626 o'rdine
377 588 632 626 numerata.
666 581 800 625 Prius
826 580 950 625 varia
977 595 1268 625 numerorum
1296 581 1436 626 series
1464 581 1582 625 foliis
1612 582 1828 640 inscripta

196 659 298 702 fuit:
318 658 495 703 numeri
511 658 683 715 aliquot
699 658 935 703 cancellati
951 644 1185 714 apparent,
1211 659 1321 715 quin
1343 659 1480 703 immo
1501 674 1606 715 cum
1625 659 1728 703 folia
1744 661 1827 704 be-

111 781 116 785 ,
197 750 255 780 ne
270 736 412 779 multa
428 734 650 788 nonnihil,
675 736 732 778 ad
753 741 1004 786 extremum
1026 734 1273 792 superioris
1289 737 1474 780 chartae
1490 737 1727 793 angulum,
1750 737 1827 780 ubi

198 812 405 870 primitus
421 811 576 868 scripti
595 812 737 865 fuere,
756 818 929 856 resecta
946 811 1053 865 sint,
1073 811 1180 855 novi
1196 812 1331 856 etiam
1349 813 1525 857 numeri
1547 812 1594 856 in
1615 813 1827 858 interiore

195 891 353 933 charta
373 896 479 941 sunt
501 888 713 945 appositi.
752 890 819 931 Ex
847 902 938 944 quo
964 888 1230 944 conjicimus
1258 890 1517 946 hujusmodi
1535 897 1828 949 monumenta

197 967 450 1010 membrum
473 966 613 1009 fuisse
636 965 822 1010 alterius
842 965 991 1022 operis
1013 972 1092 1009 aut
1119 967 1318 1023 sylloges
1340 966 1728 1011 informationum.

288 1044 434 1095 Haeo,
469 1042 657 1099 perinde
687 1056 740 1085 ac
769 1049 947 1086 caetera
976 1057 1003 1085 a
1023 1042 1154 1086 nobis
1186 1043 1321 1096 edita,
1355 1045 1537 1088 eosdem
1568 1045 1829 1100 praeferunt

198 1119 506 1177 genuinorum
528 1118 797 1175 scriptorum
821 1120 1119 1172 characteres,
1144 1119 1424 1176 proindeque
1444 1120 1646 1176 ejusdem
1669 1127 1828 1164 aucto-

198 1195 344 1239 rita'tis
366 1202 488 1238 sunt.
515 1195 772 1243 Dolendum
794 1209 903 1239 sane
925 1195 1045 1251 quod
1063 1203 1152 1239 tam
1170 1210 1313 1252 pauca
1329 1200 1519 1240 'numero
1535 1204 1829 1248 monumenta

197 1271 459 1328 hujusmodi
482 1270 762 1328 potuerimus
783 1271 1002 1316 invenire:
1028 1286 1144 1327 quae
1162 1287 1267 1316 vero
1284 1273 1525 1326 habentur,
1545 1273 1667 1316 omni
1683 1273 1828 1330 pretio

197 1357 304 1393 sunt
321 1349 460 1406 digna
478 1349 534 1392 ad
550 1349 894 1405 cognoscendos
909 1347 1084 1404 aliquos
1106 1348 1271 1403 socios,
1297 1349 1374 1405 qui
1391 1349 1438 1393 in
1454 1350 1674 1407 collegiis,
1694 1366 1827 1408 prae-

197 1426 331 1483 cipue
352 1425 522 1480 Italiae‚
548 1426 633 1469 sub
662 1409 839 1481 Igna’tio
867 1432 912 1470 et
944 1425 1102 1469 Lainio
1128 1426 1395 1483 praepositis
1424 1428 1495 1483 (ad
1523 1441 1679 1471 eorum
1707 1427 1827 1471 enim

199 1510 377 1558 tempus
399 1502 671 1557 referuntur)
693 1501 1034 1550 delitescebant.

291 1578 493 1622 Primum
526 1586 870 1622 monumentum
898 1568 1070 1635 incipit:
1109 1580 1222 1624 «Del
1259 1579 1406 1623 Collo.
1447 1580 1505 1624 de
1541 1581 1804 1640 FERRARAl

199 1655 591 1700 INFORMatione
633 1656 706 1700 del
750 1656 894 1699 Collo.
940 1656 997 1699 de
1039 1657 1243 1708 Ferrara,
1277 1657 1388 1700 satta
1420 1664 1581 1712 questo
1608 1658 1615 1714 Ι
1642 1658 1685 1713 dj
1720 1659 1828 1702 ult.⁰

198 1733 272 1777 del
300 1733 454 1787 1564».
486 1732 493 1790 Ι
520 1733 607 1776 Del
629 1731 856 1789 Principio
883 1731 890 1790 Ι
917 1732 1010 1776 Alli
1031 1732 1197 1788 cinque
1215 1733 1273 1778 de
1294 1733 1568 1790 Giugno...»

290 1811 574 1854 Postremum
610 1802 761 1854 autem
797 1809 1022 1852 clauditur
1052 1810 1138 1852 hoc
1167 1823 1318 1854 versu:
1363 1811 1493 1854 «Non
1529 1810 1647 1855 tiene
1684 1811 1826 1868 impe-

197 1885 352 1929 dim.t0
395 1886 601 1930 alcuno.»
647 1888 942 1930 Monumenta
983 1885 1209 1930 antecedit
1251 1893 1297 1930 et
1337 1886 1630 1942 consequitur
1673 1889 1827 1933 folium

200 1962 383 2006 omnino
419 1977 600 2019 purum,
641 1977 830 2006 numero
869 1977 966 2006 non.
996 1962 1242 2019 signatum.
1284 1963 1460 2008 Indices
1496 1964 1823 2010 desiderantur.

200 2039 329 2083 Folia
355 2054 448 2083 non
486 2039 636 2083 omnia
672 2039 875 2095 ejusdem
913 2046 1021 2083 sunt
1056 2039 1382 2096 magnitudinis
1419 2048 1465 2084 et
1502 2041 1685 2085 formae.
1723 2043 1828 2086 Ple·

202 2130 391 2172 rumque
418 2117 476 2159 ad
504 2117 686 2160 modum
716 2116 947 2172 epistolae,
972 2115 1214 2172 aliquando
1251 2131 1358 2162 vero
1395 2117 1534 2160 instar
1573 2120 1826 2163 tabularum

198 2200 458 2236 exarantur.

880 2311 1063 2351 Codex
1093 2311 1148 2351 6.

291 2425 517 2481 Epistozae
538 2425 585 2468 S.
612 2425 850 2467 Franciscz·
872 2425 1078 2482 Borgiae
1098 2425 1154 2468 ab
1174 2440 1248 2469 an.
1272 2437 1386 2482 1545
1403 2428 1463 2469 ad
1482 2428 1828 2484 [572.—Hujus

205 2501 372 2546 codicis
393 2500 740 2558 descriptionem
763 2502 903 2546 habes
924 2501 971 2545 in
992 2502 1136 2558 Epist.
1164 2504 1222 2546 P.
1250 2504 1419 2556 Nadal,
1443 2511 1474 2547 t.
1509 2519 1541 2556 1,
1574 2494 1679 2561 pag.
1716 2520 1825 2559 va,

205 2594 250 2621 n.
279 2591 344 2633 34.
370 2578 444 2621 Ab
462 2577 541 2620 illo
563 2577 757 2621 mutuati
777 2592 935 2621 sumus
962 2577 1092 2635 epist.
1118 2591 1222 2637 942,
1249 2580 1325 2623 ubi
1353 2580 1554 2624 codicem
1582 2596 1607 2624 a
1635 2596 1718 2625 suo
1746 2596 1829 2626 au—

204 2662 331 2699 ctore
351 2653 607 2698 notavimus
627 2653 786 2699 litteris
808 2656 859 2698 F.
887 2657 940 2699 Β.

891 2774 1074 2815 Codex
1101 2774 1150 2815 7.

295 2887 495 2930 Litterae
520 2886 1399 2951 Quadrimestres.—Descriptiohujus
1426 2887 1609 2941 codicis,
1634 2896 1830 2945 quatuor

207 2963 512 3008 voluminibus
549 2963 814 3016 constantis,
853 2963 974 3008 edita
1009 2978 1145 3021 supra
1180 2971 1266 3020 est,
1295 2965 1441 3021 Epist.
1473 2964 1659 3018 Mixtae‚
1698 2972 1734 3008 t.
1773 2981 1827 3020 11,

211 3054 317 3097 pag.
350 3040 569 3095 885-887.
