2060 3450
351 218 422 263 516
753 216 755 220 ’
841 219 1081 255 EPISTOLAE
1107 217 1313 253 MixTAE-
1323 227 1395 263 924

299 321 492 364 Patrum
512 334 564 364 ac
587 320 777 363 fratrum
796 319 1092 363 orationibus.
1115 320 1177 362 M.
1199 319 1397 362 Thomas
1414 319 1582 376 Buijss,
1601 321 1766 377 hospes
1788 334 1946 374 meus„

297 403 348 441 et
369 396 502 440 amici
523 411 681 441 omnes
702 396 834 442 vnice
855 411 905 441 se
926 395 1244 440 commendant
1266 395 1314 438 P.
1340 395 1398 439 V.
1425 397 1550 440 Bene
1564 397 1714 441 valeat
1730 398 1783 440 P.
1807 398 1864 441 V.
1886 396 1946 440 in.

301 472 387 517 X.⁰
417 486 468 527 14
483 473 687 531 Januarii
716 483 841 528 1555.
869 474 921 516 P.
949 474 1002 516 V.
1029 485 1189 515 seruus
1210 470 1444 528 indignus,

302 549 305 554 '
1159 549 1452 593 LEONARDUS
1485 550 1691 594 KESSEL.

391 627 649 683 Inscriptio:
672 627 785 670 Rdo.
811 625 857 668 in
880 625 965 669 X.⁰
985 624 1126 678 Patri,
1146 627 1209 669 M.
1230 624 1407 681 Ignatio
1424 640 1450 669 a
1467 626 1653 682 Loyola,
1672 627 1942 684 praeposito-

302 704 505 761 generali
527 703 771 748 Societatis
786 705 913 761 Jesu.
941 704 1125 746 Romae.
1558 699 1560 701 ’

391 780 499 824 Alia
521 795 679 823 manu:
701 780 815 823 Rdo.
845 781 895 823 P.
921 781 983 823 M.
1009 778 1208 832 Canisio,
1233 778 1352 835 dopo
1379 780 1464 823 che
1493 781 1602 823 hara
1630 779 1749 824 uisto
1772 787 1945 836 questa.

302 858 465 902 lettera
486 859 541 902 V.
566 859 640 910 R.,
666 856 707 900 ci
728 858 771 901 la
792 856 1046 901 rimandera
1068 870 1173 912 qua,
1193 857 1359 912 perche
1380 868 1472 899 non
1488 859 1549 900 ce'
1563 857 1620 901 ne
1642 856 1772 914 copia
1798 859 1826 901 ¹.

392 936 452 977 Et
474 935 582 977 alia:
618 944 744 989 1555.
778 933 981 978 Colonia.
1013 932 1072 976 Di
1100 934 1158 976 M.
1190 933 1427 977 Leonardo
1455 934 1630 989 Kessel,
1662 946 1713 988 14
1740 933 1787 977 di
1807 935 1947 980 Gen—

305 1027 433 1056 naro:
459 1011 665 1056 riceuuta
688 1011 761 1054 alli
785 1012 810 1054 8
832 1010 877 1054 di
899 1013 1069 1055 Marzo.

1062 1224 1186 1268 9924

843 1309 1092 1346 ANDREAS
1119 1310 1404 1349 GONZALEZ

619 1388 829 1431 PATRI
866 1388 1166 1432 IGNATIO
1207 1390 1296 1432 DE
1334 1388 1625 1433 LOYOLA

795 1484 936 1511 ABULA
978 1483 1019 1520 15
1058 1485 1252 1519 JANUARH
1293 1484 1382 1521 1555
1420 1479 1449 1512 ².

306 1555 354 1590 P.
375 1555 405 1590 F
409 1553 643 1590 erdinandus
659 1554 827 1589 Alvarez
842 1553 1011 1588 Abulam
1025 1553 1148 1589 venit.
1158 1553 1369 1601 -Operam
1383 1554 1423 1589 in
1434 1553 1617 1600 juvandis
1631 1552 1816 1600 proximis
1836 1554 1947 1589 bene

377 1615 559 1649 collocat:
596 1613 746 1649 fructus
780 1624 829 1648 ex
859 1613 992 1647 labore
1017 1612 1486 1659 perceptus—Studium
1515 1612 1676 1659 civium,
1707 1617 1746 1648 et
1771 1613 1943 1648 maxime

379 1672 568 1720 episcopi,
587 1672 626 1708 in
645 1671 1012 1707 Societatem-De
1031 1671 1176 1717 insigni
1194 1671 1358 1719 quodam
1378 1671 1646 1708 candidato.-—
1659 1671 1853 1707 Numerus
1879 1683 1949 1707 so·

378 1743 541 1768 morum.

1104 1806 1127 1841 †

1065 1845 1164 1901 Jhs.

399 1935 509 1989 Muy
532 1934 646 1976 Rdo.
672 1947 729 1976 en
751 1931 836 1975 X.⁰
860 1932 1007 1976 Padre
1029 1938 1229 1976 nuestro.
1257 1932 1321 1975 La
1343 1932 1496 1989 gracia
1517 1932 1590 1976 del
1612 1932 1784 1989 Spiritu
1805 1942 1947 1977 santo-

308 2025 387 2055 sea
409 2010 602 2066 siempre
623 2025 681 2054 en
703 2008 919 2052 continuo
943 2009 1070 2052 fauor
1091 2009 1147 2052 de
1169 2010 1227 2053 V.
1254 2010 1307 2052 P.
1333 2010 1497 2053 Amen.
1519 2010 1717 2054 Nuestro
1740 2011 1792 2053 P.
1814 2011 1934 2054 Her—

309 2088 613 2131 nandaluarez
635 2087 650 2108 ³
673 2085 780 2128 vino
802 2089 827 2128 a
848 2092 945 2128 esta
967 2084 1131 2129 ciudad
1158 2088 1337 2141 vispera
1363 2085 1420 2128 de
1451 2086 1580 2129 todos
1609 2093 1783 2140 santos,
1812 2101 1841 2142 y
1863 2100 1945 2130 me.-

310 2164 401 2220 dijo
425 2163 667 2209 escriuiese
689 2167 716 2205 a
737 2163 795 2206 V.
822 2163 875 2205 P.
902 2163 958 2205 de
981 2163 1088 2205 todo
1109 2162 1153 2205 lo
1175 2175 1264 2217 que
1281 2163 1322 2206 el
1339 2163 1485 2206 Sefior
1502 2177 1527 2205 a
1544 2161 1642 2205 sido
1658 2162 1838 2207 seruido
1853 2165 1927 2206 ha*

310 2255 387 2284 zer
404 2256 461 2286 en
478 2248 574 2285 esta
591 2239 769 2283 ciudad.
791 2240 831 2282 Y
850 2246 1019 2294 quanto
1034 2239 1120 2282 alo
1141 2238 1351 2295 primero‚
1371 2246 1556 2283 nuestro
1579 2240 1726 2284 Padre
1747 2239 1850 2283 hizo
1872 2241 1948 2283 las

312 2317 470 2362 uisitas
493 2331 580 2373 que
602 2317 644 2360 le
664 2315 868 2373 parescio
890 2315 1124 2370 conuenir;
1150 2330 1176 2359 a
1198 2316 1376 2359 hallado
1393 2330 1451 2359 en
1474 2316 1603 2359 todos
1625 2322 1751 2359 tanto
1768 2330 1892 2359 amor
1907 2331 1937 2373 y

385 2480 395 2500 ¹
446 2476 544 2513 Cum
569 2477 639 2512 has
662 2475 832 2511 Kesselii
856 2475 1006 2511 litteras
1025 2475 1257 2522 perlegisset
1275 2475 1471 2522 Canisius,
1487 2475 1758 2522 gravissimam
1783 2476 1945 2523 scripsit>

311 2537 516 2584 epistolam
540 2535 798 2572 Wichmanno
822 2547 898 2570 van
922 2535 998 2570 den
1026 2536 1141 2581 Berg,
1167 2535 1318 2570 consuli
1344 2535 1653 2582 noviomagensi,
1677 2547 1792 2583 quam
1815 2536 1938 2571 habes

311 2595 414 2643 apud
428 2596 785 2639 BRAUNSBERGER,
797 2595 824 2629 l.
842 2606 890 2636 c.‚
903 2605 991 2641 pag.
1009 2602 1091 2639 540—
1097 2602 1180 2639 544,
1190 2593 1352 2641 quirem
1367 2594 1593 2641 opportunis
1608 2594 1945 2641 annotationibus,

312 2665 419 2690 more
437 2664 521 2698 suc,
541 2653 725 2689 illustrat.
749 2650 861 2688 Stus.
877 2652 1052 2698 Ignatius
1070 2653 1187 2688 etiam
1206 2652 1254 2688 ad
1277 2658 1455 2688 senatum
1474 2653 1816 2700 noviomagensem
1834 2652 1938 2689 litte-

311 2725 374 2749 ras
392 2713 515 2759 dedit,
529 2724 628 2760 quae
647 2712 897 2747 inveniuntur
915 2711 955 2747 in
973 2712 1057 2758 ejus
1079 2711 1238 2754 Cartas,
1258 2717 1291 2748 t.
1315 2721 1356 2758 v,
1371 2723 1460 2759 pag.
1481 2711 1549 2757 365
1569 2717 1609 2748 et
1628 2711 1711 2748 133.
1734 2712 1811 2748 Sed
1824 2713 1864 2748 in
1877 2712 1945 2748 his<

312 2772 534 2820 postremis,
551 2783 640 2807 cum
655 2770 939 2816 Noviomagum
955 2770 1130 2817 Ignatius
1145 2770 1368 2806 Kesselium
1382 2780 1427 2806 22
1441 2770 1570 2807 Martii
1588 2779 1676 2816 1555
1695 2771 1836 2816 mittat,
1851 2782 1946 2818 pru·-

312 2831 451 2867 denter
468 2831 564 2867 nihil
582 2830 630 2866 de
650 2829 711 2874 iis,
730 2841 829 2876 quae
848 2830 937 2865 huic
955 2829 1193 2871 acciderunt,
1213 2829 1321 2866 dicit.

383 2893 398 2912 ²
449 2891 507 2925 Ex
525 2889 764 2935 autographo
782 2888 820 2923 in
839 2889 919 2924 vol.
944 2889 989 2935 F,
1007 2888 1151 2936 duplici
1169 2888 1277 2935 folio,
1295 2901 1335 2926 n.
1354 2887 1414 2935 88,
1433 2888 1538 2936 prius
1552 2888 1639 2934 448.

385 2950 399 2970 ³
449 2950 493 2984 P.
514 2947 779 2984 Ferdinandus
799 2947 966 2983 Alvarez
984 2948 1047 2983 del
1063 2947 1219 2994 Aguila,
1239 2947 1350 2995 eujus
1368 2959 1486 2996 saepe
1504 2948 1741 2984 mentionem
1760 2947 1943 2983 fecimus.

313 3007 416 3043 Vide
435 3007 554 3054 epist.
577 3011 819 3054 sequentem.
