2060 3450
321 248 391 286 554
815 244 1053 279 Eprs‘romn
1079 241 1367 288 Mutus-938

271 341 355 394 dit,
380 355 464 386 nec
494 342 616 386 auris
643 344 834 398 audiuit,
869 358 955 389 nec
982 344 1029 387 in
1055 357 1136 387 cor
1162 343 1358 387 hominis
1389 343 1607 388 ascendit.
1634 345 1800 389 Amen.
1832 346 1914 389 De

271 420 308 462 F
309 433 461 464 errata
481 419 555 463 alli
579 432 633 463 22
655 421 712 464 de
734 422 932 466 Febraro
955 429 1080 475 1555.
1100 421 1215 464 Dela
1233 422 1286 464 Ρ.
1306 420 1348 465 V
1385 420 1588 478 figliuolo
1609 420 1810 479 indegno
1826 422 1902 466 nel

272 495 428 552 signor
449 503 606 539 nostro
621 499 732 555 Jesu
754 497 857 551 X.⁰,

1109 574 1357 619 GroUAnm
1392 576 1719 619 PELLETARIO.

1030 802 1154 843 838

824 891 1180 928 HISPALENSES
1207 890 1347 930 SOCII

663 980 859 1026 SOCIIS
891 981 1512 1026 SALMANTICENSIBUS

755 1083 921 1111 HISPALI
946 1083 992 1121 27
1016 1083 1243 1111 FEBRUARH
1270 1083 1360 1121 1555
1389 1077 1416 1111 ¹.

270 1162 386 1199 Initia
402 1163 557 1209 collegii
580 1162 982 1210 hispalensis.-—Socii
999 1164 1144 1200 civium
1163 1163 1493 1209 benevolentiam,
1512 1163 1649 1200 vicarii
1672 1163 1908 1200 dioeceseos
1951 1182 1955 1187 ·

339 1222 561 1269 praecipue,
592 1222 668 1258 sibi
691 1223 1111 1259 conciliant.-Plures
1136 1223 1324 1260 Societati
1347 1221 1754 1259 adhaerent.—Prima
1777 1222 1900 1259 socio-

340 1291 426 1317 rum
449 1281 580 1318 sedes.
595 1283 682 1318 -In
705 1282 810 1318 aliud
832 1282 1072 1319 domicilium
1089 1282 1465 1330 migrant.——Opera
1494 1281 1682 1330 proximis
1707 1282 1904 1330 impensa:

339 1340 547 1376 conciones
565 1342 773 1387 habentur,
792 1341 1003 1377 christiana
1020 1342 1197 1378 doctrina
1212 1341 1443 1389 explicatur,
1467 1353 1644 1378 carceres
1662 1341 1906 1387 invisuntur,

342 1399 408 1435 alii
421 1399 734 1446 juvantur.—De
752 1400 870 1436 sociis
894 1412 917 1436 a
940 1401 1076 1436 morbo
1098 1400 1299 1445 recreatis,
1316 1412 1340 1436 a
1363 1399 1567 1447 naufragio
1585 1399 1901 1447 ereptis.-Mar-

341 1459 429 1494 chio
446 1459 495 1494 de
513 1458 677 1501 Canem,
697 1470 836 1507 prorex
863 1460 1054 1496 Peruviae
1078 1459 1322 1506 designatus,
1346 1458 1473 1497 socios
1497 1471 1519 1495 a
1542 1458 1685 1506 Borgia
1708 1458 1906 1506 deposcit..

1042 1557 1131 1600 Ihs.

361 1651 472 1705 Muy
494 1650 606 1693 Rdo.
633 1665 691 1695 en
714 1651 833 1706 Xpo.
861 1651 1023 1694 Padre.
1050 1650 1162 1694 Dios
1183 1657 1369 1694 nuestro
1388 1656 1525 1694 senor
1539 1650 1597 1695 de
1614 1654 1640 1693 a
1663 1651 1720 1694 V.
1747 1651 1799 1694 R.
1825 1664 1855 1706 y
1872 1652 1898 1692 a

269 1727 337 1769 los
358 1727 513 1770 demas
537 1727 706 1771 Padres
727 1741 757 1783 y
778 1728 1018 1770 hermanos
1040 1742 1094 1771 su
1110 1734 1241 1771 santo
1257 1741 1382 1770 amor
1398 1742 1428 1783 y
1444 1726 1598 1783 gracia
1614 1741 1644 1783 y
1660 1741 1769 1783 muy
1786 1727 1900 1770 bue-

270 1816 353 1846 nas
373 1803 584 1847 entradas
605 1803 661 1846 de
683 1817 935 1858 quaresma.
962 1804 1128 1847 Amen.
1155 1805 1258 1848 Vna
1279 1810 1403 1847 carta
1418 1802 1524 1846 bien
1540 1803 1731 1847 deseada
1749 1803 1806 1846 de
1822 1817 1904 1848 ese

269 1879 466 1936 collegio
493 1879 746 1924 recebimos
774 1894 861 1923 con
888 1881 931 1923 el
953 1894 1157 1934 recuero,
1182 1894 1269 1924 con
1289 1881 1333 1924 la
1364 1880 1469 1935 qual
1492 1881 1622 1923 todos
1649 1879 1906 1924 recebimos

271 1957 444 2012 grande
460 1955 763 2012 consolaciOn,
783 1971 866 2013 por
881 1957 1014 2001 saber
1029 1958 1086 2000 de
1102 1958 1145 2001 la
1161 1957 1292 2001 salud
1307 1958 1366 2001 de
1382 1963 1590 2000 nuestros
1612 1955 1906 2000 charissimos.

344 2087 353 2107 ¹
404 2086 464 2120 Ex
487 2087 722 2133 apographo,
750 2086 790 2122 in
815 2087 893 2122 vol.
919 2087 1061 2122 Tesoro
1084 2098 1213 2131 sacro,
1241 2086 1385 2134 duplici
1414 2086 1521 2132 folio,
1540 2098 1634 2134 pag.
1673 2086 1902 2129 11-14.—In-

269 2144 480 2192 scriptione
499 2150 539 2181 et
555 2145 843 2192 subscriptione
861 2146 956 2181 haee
974 2151 1081 2181 caret
1099 2146 1276 2193 epistola.
1303 2146 1581 2190 Existimamus
1600 2145 1756 2181 missam
1779 2144 1908 2181 fuisse

271 2203 546 2246 Salmanticam
565 2205 614 2240 ab
633 2204 761 2252 aliquo
780 2203 987 2251 sociorum,
1005 2205 1072 2252 qui
1097 2217 1146 2241 ex
1165 2216 1211 2241 ea
1239 2206 1335 2241 urbe
1360 2210 1400 2240 et
1424 2203 1591 2251 collegio
1608 2203 1799 2252 Hispalim
1816 2215 1905 2251 pro-

270 2262 365 2298 fecti
381 2262 505 2299 fuere.
525 2263 842 2300 Consentaneum
861 2264 964 2300 enim
983 2270 1066 2300 erat
1082 2270 1126 2300 ut
1143 2264 1245 2300 inter
1268 2263 1414 2300 incolas
1442 2264 1642 2311 utriusque
1667 2262 1823 2310 collegii
1840 2263 1903 2299 lit-

270 2327 440 2358 terarum
453 2322 730 2359 commercium
747 2324 969 2359 haberetur.
990 2325 1091 2370 Jam,
1105 2335 1194 2359 cum
1212 2323 1260 2358 ad
1277 2324 1423 2359 calcem
1441 2323 1631 2370 epistolae
1648 2327 1908 2359 recensentur

270 2381 450 2428 collegia,
469 2381 517 2417 ad
534 2394 634 2430 quae
652 2387 760 2429 optat
776 2382 880 2418 illius
894 2388 1028 2419 auctor
1046 2388 1088 2418 ut
1106 2382 1242 2419 eadem
1261 2381 1559 2428 transmittatur,
1577 2390 1782 2429 postquam
1799 2383 1902 2418 lecta

270 2440 399 2484 fuerit,
422 2441 722 2478 salmanticense
739 2442 948 2488 collegium
963 2442 1112 2487 siletur3
1128 2442 1231 2489 quod
1245 2453 1338 2477 sane
1353 2441 1491 2477 mirum
1506 2446 1581 2486 est,
1595 2440 1671 2477 nisi
1686 2441 1813 2477 eidem
1826 2439 1901 2488 ipsi

270 2500 480 2536 scribatur.
505 2500 617 2537 Adde
635 2501 738 2549 quod
756 2501 992 2537 Salmantica
1010 2502 1050 2537 in
1068 2501 1131 2537 via
1147 2507 1224 2548 est,
1238 2501 1287 2536 ad
1300 2500 1396 2536 alias
1409 2500 1618 2537 Societatis
1631 2499 1782 2543 domos,
1798 2510 1906 2548 quae·

241 2605 244 2609 .
271 2559 327 2595 ibi
344 2560 660 2605 adnumerantur,
675 2566 717 2597 ut
734 2561 935 2596 commode
953 2567 1139 2608 rectoque
1154 2560 1293 2596 itinere
1307 2560 1627 2597 salmanticenses
1641 2560 1736 2596 socii
1751 2559 1907 2596 litteras

272 2618 322 2654 ad
338 2618 508 2666 reliquos
526 2619 678 2655 sodales
703 2619 858 2656 mittere
876 2620 1086 2666 potuerint.
1114 2620 1235 2667 Atqui
1260 2620 1300 2656 id
1323 2625 1398 2665 est,
1425 2619 1530 2666 quod
1555 2618 1742 2666 epistolae
1770 2623 1910 2654 auctor

273 2678 354 2714 suis
372 2678 503 2714 verbis
521 2679 569 2714 ad
586 2680 733 2715 calcem
756 2679 972 2715 litterarum
989 2679 1197 2726 significat:
1218 2679 1278 2715 «A
1296 2678 1466 2725 Medina,
1493 2677 1727 2725 Valladolid,
1753 2679 1910 2724 Burgos

272 2750 299 2785 y
316 2736 461 2784 Ofiate,
479 2749 575 2785 pues
593 2739 629 2774 el
647 2738 799 2774 camino
813 2749 855 2774 es
874 2739 1056 2784 derecho,
1076 2739 1110 2775 si
1127 2739 1175 2774 V.
1191 2739 1238 2774 R.
1255 2738 1436 2774 mandare
1451 2737 1586 2773 enviar
1599 2742 1683 2773 esta
1700 2743 1805 2773 carta
1818 2737 1904 2773 des-

273 2799 370 2843 pues
387 2797 436 2832 de
454 2797 582 2844 leyda,
601 2797 784 2834 charidad
801 2797 1068 2845 reeiviremos,
1086 2811 1112 2845 y
1131 2798 1280 2844 trabajo
1297 2808 1368 2833 nos
1393 2798 1615 2832 escusara».
1647 2796 1748 2842 Quis
1773 2801 1909 2831 autem

274 2861 313 2891 et
331 2855 380 2891 ad
396 2868 512 2903 quem
531 2857 744 2904 scripserit,
764 2869 842 2893 non
860 2857 974 2893 facile
991 2857 1153 2904 dixeris,
1170 2868 1258 2893 cum
1279 2855 1390 2892 multi
1407 2855 1537 2891 adsint
1555 2855 1665 2902 socii,
1679 2855 1746 2903 qui
1760 2854 1903 2902 episto-

273 2915 350 2950 lam
367 2914 459 2951 dare
477 2921 517 2951 et
534 2916 711 2963 accipere
729 2916 939 2963 potuerint.
959 2916 1169 2952 Caeterum
1187 2916 1227 2951 in
1253 2927 1294 2951 re
1313 2920 1444 2951 nostra
1471 2914 1510 2949 id
1534 2914 1644 2961 parvi
1661 2913 1793 2958 refert3
1813 2925 1905 2949 nam

272 2974 408 3009 harum
426 2975 641 3010 litterarum
659 2975 825 3022 pretium
842 2976 966 3021 magis
992 2987 1041 3011 ex
1059 2976 1176 3011 rebus
1203 2974 1370 3021 traditis,
1395 2985 1511 3021 quam
1538 2984 1586 3008 ex
1611 2973 1696 3020 ipso
1713 2972 1905 3019 scriptore

273 3033 557 3069 aestimandum
576 3039 655 3070 est.
