2060 3432
330 268 402 314 916

282 369 454 411 Huesca,
484 368 726 405 Raimundus
754 368 818 413 de,
849 367 899 406 O.
931 367 971 403 S.
997 365 1059 412 F„

329 428 482 475 script.,
501 436 586 473 525.

281 486 458 523 Hurtado
507 487 556 522 de
603 486 813 532 Mendoza,
866 483 1058 528 Andreas,

328 546 500 582 marchio
530 546 567 581 II
596 545 645 581 de
676 546 841 591 Canete,
868 542 1060 579 Peruviae

328 617 484 653 prorex,
503 606 586 651 4283
607 605 733 641 socios
751 617 773 640 a
787 604 929 651 Boi-gia
943 613 1060 650 expe-

328 662 390 708 tit,
412 663 495 708 564.

281 722 458 758 Hurtado
472 721 521 757 de
540 721 743 765 Mendoza,
762 718 949 764 Didacus,
963 729 1061 754 mar-

329 780 417 816 chio
436 781 453 815 I
470 780 519 816 de
534 780 698 826 Canete,
718 779 799 824 564.

281 839 459 875 Hurtado
473 839 522 875 de
537 839 741 884 Mendoza,
757 837 944 882 Didacus,
964 847 1060 872 mar-

329 899 417 935 chio
434 899 492 934 III
510 898 559 934 de
578 898 743 941 Cafiete‚
762 897 846 942 428.

281 957 459 995 Hurtado
484 958 533 993 de
558 956 759 999 Mendoza,
787 955 974 1002 Didacus,
999 966 1062 991 co-

329 1029 411 1053 mes
436 1018 474 1052 II
498 1017 547 1052 de
571 1016 720 1060 Melito,
748 1020 885 1063 postea
909 1015 988 1050 dux
1013 1014 1062 1050 de

329 1077 577 1120 Francavila,
612 1087 724 1111 socer
754 1074 950 1111 Rodericii
985 1074 1063 1111 Go-

329 1147 428 1177 mez,
448 1144 495 1180 42
512 1139 552 1170 et
571 1144 696 1181 seqq.;
717 1133 948 1180 designatus
968 1134 1063 1168 Ara-

327 1193 469 1239 goniae
500 1203 656 1239 prorex,
690 1202 767 1227 non
791 1191 876 1226 sine
900 1190 1063 1226 difficul-

329 1255 409 1287 tate
424 1263 445 1286 a
459 1250 571 1297 regni
581 1250 721 1297 juratis
735 1248 968 1294 admittitur,
981 1249 1063 1295 plu-

328 1311 437 1346 ribus
451 1309 752 1354 reluctantibus,
768 1316 940 1354 295-297;
960 1319 1064 1343 amo-

329 1382 413 1406 rem
454 1370 495 1405 in
534 1369 774 1404 Societatem
825 1379 938 1403 suum
979 1367 1064 1402 vult

330 1434 534 1473 testatum,
549 1436 634 1473 4073
650 1428 689 1463 in
704 1427 855 1463 Italiam
870 1426 1065 1474 profectu-

330 1501 409 1533 rus,
442 1499 576 1524 secum
603 1488 759 1522 Patrem
788 1486 976 1521 Tablares
999 1485 1064 1521 de-

331 1548 475 1584 ducere
494 1547 594 1594 petit
609 1552 647 1582 et
663 1546 859 1592 impetrat,
879 1545 960 1591 408,
978 1555 1062 1591 4093

332 1619 353 1642 a
399 1606 571 1652 cogitata
612 1604 853 1652 profectione
893 1604 1063 1648 desistit,

330 1664 415 1710 6373
442 1665 597 1701 Patrem
616 1664 802 1698 Tablares
821 1663 861 1699 in
881 1662 1065 1709 Angliam

333 1720 435 1756 mitti
454 1725 633 1767 peroptat
651 1719 698 1754 ad
716 1730 786 1754 sua
800 1718 959 1765 negotia
976 1730 1064 1754 cum

333 1779 512 1826 Philippo
531 1779 567 1813 II
582 1777 846 1823 transigenda3
866 1778 915 1813 ab
934 1788 1066 1823 arago-

333 1837 536 1873 niensibus
567 1840 826 1882 oppugnatur,
861 1834 945 1881 638,
979 1834 1065 1881 6393

334 1908 356 1932 a
380 1895 554 1944 principe
581 1896 730 1941 Joanna
750 1894 910 1941 jubetur
934 1893 1066 1930 Socie-

334 1956 405 1999 tati
423 1955 659 2003 prospicere,
679 1963 762 1999 711,
781 1962 867 2000 712,
881 1962 965 1999 715,
980 1962 1065 1999 7273

335 2026 494 2050 monere
534 2013 888 2060 archiepiscopum,
928 2013 1067 2060 juvare

336 2073 552 2110 antistitem
593 2084 817 2117 oscensem,
856 2072 947 2119 766,
981 2073 1066 2118 767,

334 2133 420 2179 769,
457 2140 542 2179 770,
578 2141 661 2178 7723
704 2133 860 2168 efficere
894 2137 937 2168 ut
971 2132 1067 2168 socii

336 2191 689 2237 Caesaraugustam
708 2195 957 2236 revocentur,
981 2190 1066 2237 773,

336 2259 420 2297 7743
452 2264 490 2286 v·
522 2250 606 2296 371,
637 2250 721 2296 489,
756 2258 839 2296 529.
870 2258 955 2297 704,
981 2249 1066 2297 801.

337 2310 420 2355 811,
440 2309 524 2356 813,
544 2310 627 2356 819,
647 2310 732 2355 820,
751 2308 834 2354 853,
853 2308 937 2354 875.
1063 2319 1066 2322 ⁴

290 2370 467 2406 Hurtado
507 2369 555 2404 de
595 2368 801 2412 Mendoza,
851 2368 1067 2416 Elisabeth,

338 2429 422 2475 428.
486 2444 512 2468 ο

290 2487 468 2524 Hurtado
491 2487 540 2522 de
565 2486 766 2532 Mendoza,
786 2485 1068 2533 Ferdinandus,

337 2547 423 2593 428.

291 2605 468 2642 Hurtado
513 2605 563 2640 de
604 2604 806 2648 Mendoza,
848 2604 1067 2650 Francisca,

339 2665 425 2711 428.

291 2724 469 2761 Hurtado
502 2723 551 2759 de
585 2722 787 2766 Mendoza,
822 2722 1067 2764 Franciscus,

338 2785 426 2830 428.

290 2847 467 2884 Hurtado
496 2846 545 2882 de
575 2845 778 2887 Mendoza,
803 2844 958 2891 Garcia,
989 2845 1068 2880 An-

338 2907 455 2943 dreae
471 2906 590 2951 filius,
605 2905 689 2950 428.

291 2966 467 3002 Hurtado
485 2966 534 3001 de
553 2965 754 3009 Mendoza,
776 2965 962 3010 Joannes„
982 2964 1064 3010 428.

290 3025 468 3062 Hurtado
491 3024 539 3060 de
564 3023 766 3068 Mendoza,
792 3023 912 3059 Maria
939 3024 1066 3070 Anna,

340 3083 423 3129 428.

1015 265 1188 302 Inmezs

1132 364 1309 400 Hurtado
1339 364 1389 401 de
1418 364 1621 411 Mendoza,
1645 365 1799 410 Petrus,
1823 364 1915 411 428*

1132 423 1309 459 Hurtado
1342 423 1392 460 de
1425 423 1613 460 Mendoza
1646 429 1686 460 et
1727 424 1920 471 Alareon„

1180 482 1464 529 Ferdinandus,
1482 481 1566 528 678.

1133 541 1309 578 Hurtado
1326 542 1375 578 de
1394 541 1582 578 Mendoza
1597 546 1637 578 et
1649 541 1748 578 dela
1765 541 1915 585 Cerda,

1179 601 1366 647 Didacus,
1385 612 1516 637 comes
1539 602 1557 637 1
1581 601 1631 637 de
1653 601 1802 646 Melito,
1819 601 1913 647 408..

1132 778 1284 824 Iberus,
1302 780 1461 826 fiumen,
1479 779 1563 825 769.

1133 838 1254 874 Ibiza.
1275 838 1373 881 ins.,
1392 850 1434 874 v.
1459 839 1631 874 Ebusus.
1706 870 1709 873 ,

1134 897 1312 944 Ignatius
1335 897 1384 933 de
1409 898 1571 944 Loyola,
1599 897 1720 938 Stus.‚
1741 896 1915 933 Societa-

1182 956 1233 992 tis
1251 957 1348 1002 Jesu
1365 956 1581 1001 institutor,
1599 955 1750 1002 copiam
1764 955 1857 992 facit
1870 961 1924 992 ut,-

1182 1014 1344 1051 demissi
1372 1026 1395 1050 a
1425 1013 1624 1050 Societate
1655 1014 1694 1050 in
1714 1015 1914 1060 Portugal-

1182 1074 1246 1119 lia,
1267 1074 1300 1110 si
1317 1073 1475 1122 quidem
1498 1073 1650 1109 habiles
1675 1073 1766 1118 sint,
1790 1074 1920 1121 recipi-⁴

1182 1133 1310 1169 denuo
1337 1132 1505 1177 possint,
1529 1133 1692 1168 Romam
1715 1131 1923 1180 mittendi,

1186 1199 1241 1237 153
1257 1191 1469 1227 Xaverium
1489 1191 1529 1226 in
1546 1191 1740 1238 Europam
1759 1196 1921 1238 evocat„
1955 1217 1962 1223 .

1186 1259 1242 1296 153
1263 1250 1412 1298 judicat
1430 1261 1506 1286 non
1530 1255 1708 1297 oportere
1734 1249 1913 1286 sodalita-

1183 1311 1234 1346 tis
1246 1310 1295 1346 de
1310 1309 1595 1357 Redemptione
1609 1310 1712 1345 votis
1726 1321 1912 1356 annuere,

1185 1379 1230 1415 24
1248 1374 1288 1404 et
1305 1380 1430 1417 seqq.;
1456 1380 1671 1415 propensus
1696 1374 1756 1404 est
1780 1368 1828 1404 ad
1845 1368 1915 1404 So-

1183 1430 1338 1467 cietatis
1362 1430 1572 1476 collegium
1590 1429 1925 1477 Constantinopo²

1183 1491 1211 1527 li
1229 1489 1527 1532 instituendum,
1547 1498 1606 1534 25;
1631 1494 1790 1535 rogatur
1808 1494 1851 1525 ut
1868 1489 1917 1525 ad

1183 1548 1437 1586 reficiendum
1456 1548 1688 1584 coenobium
1706 1547 1815 1583 Stae.
1841 1548 1927 1584 Ma·-

1184 1609 1264 1644 riae
1282 1607 1332 1643 de
1352 1608 1556 1643 Aranzazu
1580 1618 1694 1654 opem
1715 1607 1828 1653 ferat,
1855 1607 1919 1643 30-

1183 1666 1243 1712 343
1264 1666 1499 1714 Quintinum
1517 1665 1677 1702 Charlat
1700 1667 1924 1703 Tornacumv

1186 1727 1319 1772 mittit,
1339 1731 1382 1762 ut
1399 1726 1546 1773 patriae
1570 1725 1807 1772 periclitanti
1832 1738 1921 1763 suc-

1185 1790 1328 1831 currat,
1348 1785 1406 1830 56;
1427 1785 1467 1820 in
1485 1796 1602 1820 causa
1625 1783 1782 1822 Octavii
1801 1785 1918 1822 Cesa-

1185 1844 1217 1880 ri
1236 1843 1386 1889 scribit,
1406 1851 1465 1888 573
1485 1843 1605 1879 efficit
1623 1848 1666 1879 ut
1690 1855 1711 1878 a
1731 1844 1916 1890 pontifice

1185 1904 1402 1939 cardinales
1427 1902 1696 1949 designentur,
1721 1903 1788 1950 qui
1811 1903 1923 1940 illius.

1187 1974 1345 1999 causam
1363 1965 1661 2008 recognoscant,
1682 1963 1741 2010 58,
1770 1973 1828 2009 593
1847 1975 1917 2011 per

1188 2021 1339 2058 litteras
1357 2022 1503 2057 solatur
1520 2021 1680 2057 Mariam
1704 2021 1753 2058 de
1774 2023 1925 2071 Gesso,

1189 2080 1346 2127 collegii
1375 2079 1618 2116 ferrariensis
1646 2080 1918 2130 fundatricem,

1189 2139 1250 2184 63;
1281 2140 1436 2175 Patrem
1467 2139 1609 2186 Araoz,
1635 2151 1728 2175 usus
1752 2140 1928 2178 Polanco

1191 2198 1396 2246 scriptore,
1425 2198 1623 2244 admonet,
1655 2199 1921 2245 reprehendit-

1189 2270 1280 2305 que,
1317 2257 1375 2302 8o;
1408 2257 1566 2293 fratrem
1596 2257 1787 2304 Raynaldi
1806 2257 1929 2305 jubet·

1189 2317 1450 2354 narrationem
1482 2321 1617 2352 texere
1642 2315 1692 2352 de
1722 2328 1918 2364 oppugna-

1190 2375 1376 2422 tionibus,
1404 2387 1499 2422 quas
1517 2375 1677 2421 pertulit
1707 2387 1728 2411 a
1752 2377 1919 2422 parenti·

1188 2435 1281 2479 bus;
1318 2434 1425 2471 illum
1459 2435 1581 2470 Roma
1615 2435 1655 2470 in
1689 2434 1918 2482 Hispaniam

1188 2493 1323 2540 mittit,
1355 2493 1400 2529 88
1431 2498 1470 2529 et
1499 2504 1625 2541 seqq.;
1660 2494 1806 2530 monita
1831 2494 1923 2532 sive-

1188 2554 1298 2599 leges
1329 2552 1446 2589 tradit
1475 2552 1549 2588 iter
1578 2552 1828 2601 facientibus,
1854 2562 1923 2600 953,

1187 2611 1396 2658 ingruente
1415 2612 1534 2658 bello,
1554 2613 1680 2647 socios
1696 2623 1744 2647 ex
1759 2612 1917 2650 Corsica

1188 2681 1372 2706 revocare
1390 2670 1608 2715 constituit,
1631 2678 1691 2717 973
1718 2671 1823 2708 Patri
1840 2672 1921 2709 Nu-

1187 2741 1258 2765 nes
1288 2731 1463 2776 Barreto,
1494 2723 1751 2776 patriarchale
1782 2742 1928 2768 munus.

1188 2787 1405 2833 recusanti,
1437 2788 1650 2835 satisfacit,
1696 2788 1784 2835 137;
1819 2801 1922 2827 com-

1188 2846 1436 2883 mendatitias
1470 2847 1621 2885 litteras
1656 2859 1724 2895 pro
1757 2850 1932 2896 collegio·

1188 2916 1346 2942 romano
1371 2912 1565 2953 procurat,
1595 2915 1676 2954 154,
1702 2906 1786 2954 4813
1812 2920 1923 2956 roga-

1188 2970 1251 3000 tur
1275 2970 1317 3001 ut
1351 2966 1660 3012 procurationem
1683 2967 1840 3014 collegii
1864 2979 1930 3004 or·

1187 3024 1416 3071 phanorum,
1442 3024 1481 3060 in
1499 3025 1610 3061 Nova
1630 3026 1818 3074 Hispania
1834 3038 1921 3064 con-

1187 3082 1318 3128 dendi,
1343 3083 1742 3131 suscipiat,.170-172;
1768 3084 1808 3122 id
1830 3097 1927 3122 cen*
