2060 3432
290 231 360 278 698
782 236 1014 272 EPISToLAE
1046 236 1257 273 Mix'rAE—
1263 236 1334 283 976

241 333 438 379 licitasse
455 335 576 392 apud
590 351 817 381 summum
835 337 1094 394 pontificem
1111 352 1245 395 posse
1261 337 1413 382 omnia
1430 337 1718 392 monasteria,
1739 338 1878 383 etiarn

243 411 351 455 dicti
374 411 559 467 ordinis,
587 413 782 468 visitare,
808 421 854 460 et
883 414 1059 459 similia.
1092 414 1197 459 Alia
1224 428 1334 459 vero
1365 429 1454 471 que
1480 414 1631 471 potius
1668 415 1724 458 ad
1756 415 1880 472 inju—

241 489 330 533 rias
351 503 433 535 seu
455 491 835 536 stomachationes
861 494 890 545 ¹,
910 491 1156 548 pertinent,
1191 498 1240 535 vt
1272 498 1380 536 sunt
1404 492 1513 548 quid
1544 491 1629 536 sibi
1662 501 1879 550 arrogant

243 565 353 622 quid
379 567 466 610 sibi
498 569 773 624 persuadent
810 568 885 612 isti
909 568 1125 625 jhesuite,
1158 569 1362 614 volentes
1391 569 1601 612 omnibus
1637 569 1877 623 dominari,

242 644 328 688 hec
356 643 540 700 inquam
568 652 614 689 et
651 645 827 699 similia,
860 660 950 702 que
977 646 1120 690 multa
1147 647 1204 690 ab
1231 645 1340 703 ipsis
1368 653 1662 703 sparguntur,
1696 646 1877 691 omitto.

244 721 346 765 Hac
367 722 423 765 de
445 736 583 766 causa
604 721 756 776 etiam,
778 722 854 779 qui
872 729 978 767 ante
999 722 1348 780 singularissimi
1365 723 1551 768 fuerunt
1567 723 1698 766 amici
1714 723 1873 778 nostri,

244 812 300 842 ex
322 797 445 842 dicto
462 798 620 844 ordine
642 799 1051 854 schandalizantur‚
1066 799 1327 856 judicantes
1343 798 1652 856 imprudenter
1669 814 1695 843 a
1711 800 1882 844 nostris

244 877 332 919 hoc
353 875 650 929 solicitatum,
684 883 729 921 et
756 876 868 920 nihil
896 892 997 922 esse
1018 876 1141 921 aliud
1163 891 1299 933 quam
1322 876 1613 922 seminarium
1636 876 1872 937 discordie.

241 953 341 1009 Ego
363 967 473 997 vero
492 953 549 996 ad
566 953 717 997 omnia
733 953 951 1011 predicta,
972 955 1029 998 de
1051 968 1141 1010 quo
1165 968 1250 998 nec
1282 953 1457 1007 dubito,
1479 954 1730 1010 respondeo
1752 955 1882 998 nullo

242 1030 379 1073 modo
397 1030 674 1074 credendum
696 1037 877 1075 nostros
897 1031 1101 1088 predicta
1122 1030 1388 1084 solicitasse,
1413 1031 1494 1076 sed
1517 1031 1632 1075 forte
1660 1030 1770 1074 alios
1797 1045 1882 1088 pro

243 1106 374 1150 nobis
399 1108 470 1152 vel
492 1106 641 1164 ipsum
663 1122 892 1152 summum
913 1108 1177 1165 pontificem
1197 1110 1285 1152 hoc
1306 1107 1473 1152 nostris
1500 1108 1618 1151 vltro
1639 1107 1883 1165 injungere

241 1183 454 1229 voluisse.
481 1185 686 1243 Insuper,
707 1199 811 1229 cum
828 1185 875 1228 in
897 1185 995 1229 istis
1015 1185 1220 1242 partibus
1237 1185 1389 1228 nullus
1406 1192 1613 1229 nostrum
1637 1185 1711 1230 vel
1727 1185 1879 1242 predi-

242 1267 331 1315 cet,
356 1262 429 1305 vel
458 1261 581 1305 aliud
612 1261 844 1319 singulare
872 1263 993 1319 apud
1015 1262 1222 1306 subditos
1249 1262 1428 1306 illorum
1460 1269 1583 1320 agat,
1605 1270 1650 1307 et
1677 1261 1881 1305 inaudita

243 1337 333 1381 sint
355 1353 443 1394 que
464 1353 603 1396 supra
624 1338 733 1390 dixi,
760 1341 1003 1396 superflue,
1030 1354 1088 1384 ne
1113 1339 1260 1383 dicam
1282 1338 1542 1394 indiscrete,
1577 1339 1791 1384 videntur
1821 1341 1884 1384 he

243 1415 569 1471 prohibitiones
605 1430 756 1460 coram
779 1416 989 1460 omnibus
1021 1423 1067 1461 et
1097 1415 1289 1473 singulis
1316 1415 1540 1473 religiosis
1562 1415 1674 1468 fieri,
1704 1422 1750 1459 et
1786 1430 1879 1460 non

242 1507 407 1548 paruas
430 1492 627 1538 excitare
659 1493 986 1538 commotiones
1012 1500 1059 1539 et
1089 1493 1384 1550 suspiciones.
1426 1492 1637 1548 Denique
1669 1492 1877 1548 quicum—

243 1583 332 1624 que
357 1571 444 1614 hec
466 1569 675 1623 audiunt,
701 1570 838 1614 etiam
860 1570 1007 1627 posito
1030 1570 1151 1627 quod
1173 1569 1318 1614 nostri
1340 1569 1416 1613 illa
1432 1568 1748 1622 solicitassent,
1773 1582 1878 1612 cum

243 1646 290 1689 in
307 1661 356 1690 se
372 1647 490 1690 mala
511 1662 603 1690 non
626 1646 731 1700 sint,
752 1646 960 1703 judicant
982 1648 1040 1690 ob
1070 1647 1116 1690 id
1143 1661 1234 1690 non
1252 1647 1418 1691 debere
1446 1646 1545 1691 fieri
1563 1645 1877 1690 huiuscemodi

242 1722 421 1779 publice
448 1723 791 1780 prohibitiones.
824 1725 922 1769 Nec
943 1724 1102 1768 dubito
1132 1723 1241 1780 quin
1269 1739 1349 1780 per
1378 1725 1462 1767 hec
1491 1723 1696 1768 Societas
1723 1729 1883 1766 nostra.

242 1799 388 1857 magis
409 1799 455 1843 in
478 1800 677 1844 Domino
700 1800 988 1855 exaltabitur,
1014 1808 1060 1844 et
1093 1800 1293 1858 ipsorum
1323 1801 1433 1844 ordo
1455 1799 1747 1857 deprimetur,
1772 1814 1878 1843 cum

243 1885 334 1921 tam
355 1877 576 1920 notabiles
599 1879 769 1921 abusus
789 1877 837 1920 in
859 1877 1081 1934 supremis
1104 1877 1327 1934 capitibus
1355 1877 1475 1922 illius
1505 1876 1674 1921 ordinis
1702 1876 1876 1931 vident;

238 1953 446 2010 judicant
468 1954 588 1998 enim
604 1953 716 1997 nihil
729 1968 830 2000 esse
847 1954 969 1998 aliud
980 1969 1115 2010 quam
1132 1953 1399 1998 diabolicam
1409 1961 1455 1999 et
1469 1954 1745 2011 pertinacem
1756 1952 1870 1996 inui-

243 2030 378 2074 diam:
394 2030 584 2088 proinde
601 2031 782 2088 gaudeo
798 2031 980 2087 quidem
994 2038 1039 2075 et
1053 2032 1206 2076 exulto
1221 2046 1303 2075 nos
1317 2031 1411 2088 pati
1424 2039 1608 2088 propter
1624 2030 1876 2084 Christum;

243 2108 323 2151 sed
345 2107 726 2152 inconsolabiliter
749 2109 975 2166 deplango
996 2123 1093 2152 eos.
1119 2108 1339 2152 Existimo
1361 2122 1544 2165 quoque
1565 2110 1651 2153 hec
1668 2122 1761 2151 non
1777 2106 1876 2152 fieri

242 2199 299 2229 ex
314 2184 447 2241 jussu
470 2185 572 2229 Rdi.
601 2185 749 2229 Patris
771 2185 997 2243 generalis
1019 2200 1193 2240 eorum,
1212 2186 1287 2230 cui
1309 2193 1512 2243 optarem
1529 2188 1614 2231 hec
1632 2192 1739 2229 nota
1756 2199 1874 2229 esse.

243 2262 356 2306 Rda.
382 2262 536 2318 itaque
558 2264 612 2306 P.
638 2264 696 2307 V.
731 2263 859 2307 fatiat
887 2264 1009 2319 quod
1035 2263 1122 2308 sibi
1144 2263 1190 2307 in
1227 2263 1423 2307 Domino
1454 2262 1667 2320 expedire
1698 2260 1878 2323 videbi-

243 2346 338 2394 tur,
368 2346 415 2383 et
442 2354 525 2383 nos
554 2339 640 2383 sibi
671 2353 823 2383 coram
851 2340 1048 2384 Domino
1075 2340 1418 2384 commendatos
1445 2340 1613 2384 habere
1642 2338 1875 2395 dignetur.

243 2415 439 2472 Raptim.
464 2416 654 2472 Louanij
680 2429 736 2460 20
752 2417 875 2475 Junij
901 2432 1019 2461 anno
1048 2427 1174 2473 1555.
1200 2418 1314 2461 Rde.
1342 2418 1396 2461 P.
1428 2418 1485 2461 V.
1521 2430 1682 2460 seruus
1711 2415 1757 2458 in
1778 2416 1877 2458 Do-

243 2493 384 2546 mino,

832 2572 1088 2616 ADRIANUS
1111 2572 1323 2616 ADRIANI
1346 2571 1403 2615 ab
1426 2568 1693 2626 Antuerpia.

333 2646 591 2703 Inscriptio:
601 2649 700 2706 Jhs.
722 2648 835 2692 Rdo.
856 2648 902 2691 in
920 2647 1005 2692 X.⁰
1025 2647 1164 2701 Patri,
1183 2647 1403 2704 magistro
1420 2646 1598 2704 Ignatio
1613 2646 1671 2690 de
1687 2644 1875 2701 Loyola,

244 2723 445 2779 generali
466 2723 718 2781 praeposito
740 2724 983 2770 Societatis
998 2726 1124 2783 Jesu.
1152 2726 1311 2768 Rome.

318 2891 329 2912 ¹
379 2889 452 2925 Ms.
471 2890 809 2927 stomochationes.
