2040 3458
269 269 341 316 476
760 271 999 307 EPISTOLAE
1031 269 1323 316 MixrAE-9o9

223 371 320 415 solo
341 386 421 428 per
443 371 531 415 mio
554 371 648 416 fare
669 387 762 415 non
784 374 820 416 s’
841 372 898 415 ne
916 370 1004 414 mai
1022 370 1275 414 conuertito
1292 370 1447 424 niuna,
1467 386 1541 414 ma
1566 378 1692 415 tanto
1710 373 1862 416 danno

224 450 270 490 n’
293 463 321 492 o
344 448 562 505 riportato
585 449 627 492 io
649 449 694 492 di
717 449 794 505 qui
818 449 903 492 alla
924 447 1072 491 anima
1093 446 1182 490 mia
1197 482 1207 501 ,
1241 449 1325 490 che
1347 447 1378 491 il
1405 462 1478 492 me
1504 447 1620 492 saria
1649 448 1860 505 impossi-

225 525 315 568 bile
337 540 363 569 a
383 525 515 569 dirlo.
541 527 598 569 Et
619 526 693 582 poi
716 532 835 569 sotto
856 524 1008 581 specia
1035 539 1119 580 pur
1147 523 1192 566 di
1217 525 1485 582 guadagnar
1505 524 1537 567 li
1564 524 1653 570 mie
1673 525 1833 582 propin
1849 551 1858 557 -

223 601 302 658 qui
324 601 369 645 di
391 616 582 659 sangue,
608 601 786 654 fratelli,
808 600 985 657 nipotti,
1012 607 1057 644 et
1073 600 1190 654 altri,
1211 615 1303 644 non
1319 601 1380 644 mi
1397 615 1509 644 sono
1526 601 1614 645 mai
1635 601 1857 645 distacata

223 679 299 722 dal
327 679 514 732 mondo,
549 680 607 722 ne
632 679 750 722 dalla
781 692 939 730 carne,
975 683 1022 721 et
1052 692 1135 721 son
1167 683 1306 732 stata,
1333 684 1378 722 et
1405 684 1538 735 stago
1559 677 1746 723 insieme
1769 692 1855 721 con

225 756 338 809 loro,
358 762 404 798 et
425 770 518 798 non
540 755 604 812 gli
626 757 686 798 ho
710 753 799 797 mai
828 755 961 798 fattto
988 754 1128 798 niuna
1148 753 1318 807 vtilita,
1343 754 1445 797 anzi
1465 769 1573 811 pare
1594 755 1700 808 che,
1728 769 1856 800 come

227 831 306 888 pis).
337 833 452 876 vado
483 831 680 884 innanzi,
706 831 783 887 pisi
814 833 850 874 s’
886 831 1085 875 rendano
1107 830 1344 888 indisposti
1376 846 1402 874 a
1436 831 1527 875 fare
1555 830 1694 874 niuno
1720 832 1852 876 bene.

229 909 286 952 Et
318 923 397 965 per
415 908 478 966 gli
494 907 583 952 mei
599 908 774 964 peccati
791 907 900 964 ogni
917 908 961 951 di
983 906 1061 964 pin
1084 908 1224 964 perdo
1246 908 1289 951 la
1309 922 1543 964 speranza,
1562 915 1607 951 et
1630 908 1745 952 altro
1767 922 1858 951 non

224 986 274 1028 n’
298 992 493 1042 raporto,
520 1000 568 1029 se
591 1000 679 1027 non
705 986 834 1028 dolor
856 992 901 1028 et
924 984 1090 1028 affanni
1113 985 1158 1028 di
1181 991 1341 1041 questo
1363 985 1540 1028 habitat
1563 984 1750 1030 insieme
1773 999 1860 1028 con

227 1062 345 1115 loro,
372 1068 418 1107 et
440 1063 585 1105 ancho
607 1063 758 1105 danno
788 1061 834 1104 in
863 1062 1025 1106 alcune
1051 1076 1170 1106 cose.
1199 1063 1274 1106 Ma
1295 1077 1375 1119 per
1404 1076 1495 1105 non
1518 1075 1796 1119 cognoscere
1817 1061 1860 1105 13

226 1139 410 1189 volonta
443 1140 499 1182 de
529 1138 639 1191 Dio,
676 1139 734 1182 ne
764 1138 811 1181 in
843 1145 1020 1194 questo,
1056 1139 1114 1182 ne
1134 1138 1181 1181 in
1216 1139 1354 1192 altro,
1390 1153 1480 1182 non
1509 1153 1561 1181 so
1590 1139 1726 1194 quell’
1758 1137 1859 1181 chio

226 1216 376 1259 debba
394 1216 502 1270 fare,
522 1217 580 1259 ne
598 1231 623 1259 3
641 1218 725 1260 che
743 1215 815 1259 via
831 1216 1066 1260 voltarme.
1088 1217 1146 1259 Et
1162 1217 1276 1259 oltra
1293 1215 1337 1258 di
1361 1222 1537 1272 questo,
1557 1218 1617 1258 m’
1642 1216 1667 1258 e
1684 1215 1858 1272 grando

227 1300 474 1349 augmento
497 1292 543 1335 di
563 1307 680 1349 pena
708 1292 739 1334 1’
763 1293 906 1336 hauer
927 1291 1002 1348 gia
1031 1292 1212 1349 qualchi
1233 1291 1339 1336 anni
1361 1307 1472 1336 sono
1494 1307 1649 1349 persso
1671 1292 1717 1336 in
1740 1298 1858 1336 tutto

228 1369 271 1411 13
302 1368 591 1422 confidentia,
620 1369 828 1412 vedendo
849 1368 1281 1414 chiarissimamente
1312 1368 1542 1412 verificato
1570 1369 1616 1412 in
1638 1384 1732 1423 me,
1767 1384 1858 1413 non

225 1446 324 1488 solo
351 1447 487 1501 quell’
519 1446 681 1502 parlar’
713 1447 798 1490 che
826 1445 948 1490 dice:
985 1446 1182 1501 Quando
1215 1445 1559 1502 multiplicarete
1586 1447 1618 1489 l’
1648 1445 1856 1501 orationi,

227 1536 320 1565 non
337 1522 571 1577 exaudito,
591 1537 665 1566 ma
687 1537 852 1567 ancora
872 1522 999 1565 molti
1020 1522 1120 1567 altri
1143 1522 1244 1565 ditti
1266 1521 1311 1565 di
1329 1523 1464 1579 quell’
1485 1522 1698 1579 capitulo.
1726 1523 1860 1568 Onde

226 1598 271 1642 io
293 1614 436 1656 prego
458 1600 502 1643 la
524 1599 664 1643 carita
686 1606 839 1643 vostra
853 1633 863 1653 ,
891 1599 999 1643 R.d0
1021 1606 1065 1643 et
1094 1600 1340 1644 benedetto
1364 1600 1526 1653 Padre,
1554 1602 1638 1645 che
1662 1615 1754 1643 non
1777 1615 1860 1644 vo-

226 1675 367 1732 gliate
388 1690 565 1720 cessare
587 1677 687 1720 dala
710 1676 929 1730 oratione,
955 1677 1019 1719 fin
1041 1692 1067 1720 a
1089 1683 1216 1720 tanto
1238 1678 1322 1720 che
1350 1676 1564 1722 habbiate
1585 1676 1803 1720 inclinato
1821 1677 1863 1721 13

227 1751 383 1796 diuina
404 1752 727 1807 misericordia,
753 1760 798 1797 et
820 1754 905 1797 che
927 1753 957 1796 11
979 1752 1174 1809 Signore
1196 1767 1245 1797 se
1262 1752 1328 1797 sia
1350 1752 1656 1797 reconcilliato
1678 1755 1858 1806 mecho,

226 1836 274 1873 et
296 1830 357 1871 m'
381 1829 546 1872 habbia
568 1830 815 1886 perdonato
836 1830 879 1874 le
901 1829 1096 1886 ingiurie
1118 1836 1163 1872 et
1185 1829 1473 1887 grandissimi
1490 1829 1630 1874 errori
1652 1829 1755 1883 mei,
1781 1831 1862 1873 de—

228 1906 563 1950 mostrandome
586 1907 777 1961 qualche
805 1905 1045 1949 manifesto
1072 1920 1231 1963 segno.
1259 1907 1316 1949 Et
1349 1913 1508 1962 questa
1529 1906 1721 1963 risposta
1748 1907 1862 1951 solla

229 1981 289 2024 mi
311 1983 456 2035 basta,
482 1984 649 2039 perche
670 1997 762 2026 non
784 1984 843 2026 ho
864 1982 1062 2040 bisogno
1079 1984 1124 2025 d'
1147 1983 1277 2037 altro,
1296 1985 1380 2026 che
1402 1984 1457 2027 de
1474 1984 1517 2026 la
1538 1983 1693 2027 diuina
1714 1983 1861 2041 gratia

224 2065 273 2103 et
294 2059 674 2104 reconciliatione.
701 2059 759 2102 Di
784 2060 979 2103 Modona
1001 2059 1074 2103 alli
1098 2071 1123 2114 7
1147 2059 1191 2102 di
1213 2061 1466 2105 Decembre
1493 2070 1619 2115 1554.
1644 2059 1703 2104 Di
1721 2062 1778 2104 V.
1799 2061 1853 2108 R.

227 2150 361 2179 serua
383 2143 429 2179 et
450 2135 651 2193 figliuola
673 2136 719 2178 in
740 2137 843 2189 X.⁰,

1164 2216 1395 2258 BARBARA
1428 2216 1671 2258 PAZZANA.

317 2291 574 2346 Inscripiz‘o:
597 2290 625 2349 †
648 2291 707 2333 Al
730 2291 867 2333 molto
890 2290 1003 2334 Rdo.
1030 2290 1075 2333 in
1099 2289 1184 2334 X.⁰
1208 2291 1370 2344 Padre,
1395 2291 1426 2334 il
1456 2293 1507 2335 Ρ.
1546 2290 1634 2335 M.0
1660 2290 1856 2348 Ignatio.

315 2367 423 2410 Alia
444 2381 601 2410 manu:
623 2368 722 2410 R.ta
751 2367 824 2410 3111
853 2379 901 2411 12
925 2368 999 2411 del
1021 2367 1281 2411 medesimo.
