2060 3450
315 243 388 278 600
808 242 1046 277 EPISTOLAE
1071 241 1358 288 erTAE—949

254 343 375 388 assai
397 343 762 388 euidentemente
783 344 854 386 col
874 357 957 386 suo
979 348 1174 386 maestro
1196 348 1241 386 et
1264 349 1433 396 nostro,
1465 342 1609 388 Giesu
1638 342 1835 397 Christo,
1860 343 1892 387 il

255 421 393 476 quale
412 434 503 463 non
526 420 674 465 hebbe
694 421 813 463 doue
834 418 1052 464 reclinare
1073 418 1105 460 11
1127 433 1210 462 suo
1232 426 1406 462 sacrato
1429 434 1559 476 capo,
1579 426 1748 476 quanto
1766 420 1891 464 richo

255 504 307 542 et
328 504 595 554 sumptuoso
617 497 764 541 debbe
785 510 935 541 essere
957 495 1091 549 colui,
1117 498 1202 540 che
1223 502 1293 539 sta
1313 495 1360 540 in
1381 497 1521 553 luogo
1542 511 1654 555 suo„
1667 498 1724 540 Et
1745 499 1891 541 ancho

258 574 304 619 le
325 588 425 618 osse
446 588 528 619 sue
555 574 797 618 benedette
825 580 870 618 et
897 579 1068 626 sancte,
1100 580 1313 617 venerate
1340 573 1397 617 da
1424 573 1522 630 regi
1542 580 1588 617 et
1614 573 1888 630 imperatori,

256 650 512 707 insegnano
534 653 619 696 che
641 651 683 693 13
704 650 959 707 grandezza
979 650 1053 693 del
1074 664 1246 693 sommo
1273 650 1486 707 pontifice
1511 665 1603 693 non
1630 649 1825 694 consiste
1844 650 1892 694 in

258 727 464 784 apparati
487 736 531 772 et
554 728 807 784 grandezze
829 727 886 771 de
908 733 1069 783 questo
1093 727 1263 779 seculo,
1284 741 1358 770 ma
1379 728 1481 771 11613
1502 733 1660 770 sancta
1675 721 1721 771 et
1741 727 1892 772 buona

258 803 370 858 vita,
395 812 440 847 et
462 804 754 860 exemplarita
776 805 832 847 de
853 803 1063 858 costumi,
1089 811 1135 848 et
1157 818 1267 847 sana
1293 803 1512 857 doctrina,
1538 804 1580 847 16
1608 803 1728 860 quali
1756 804 1892 847 fanno

259 883 365 936 che,
388 896 480 924 non
501 882 597 924 solo
619 881 686 924 sia
708 881 784 936 qui
806 880 853 923 in
875 888 994 925 terra
1017 880 1215 924 uiuendo
1237 881 1432 925 reuerito
1459 880 1549 924 dali
1577 880 1730 934 buoni,
1755 887 1802 924 et
1823 887 1888 924 te-

261 964 391 1001 muto
412 958 500 1000 dali
522 957 676 1010 catiui,
701 972 774 1002 ma
796 958 870 1000 nel
892 957 1006 1001 cielo
1027 958 1193 1011 lodato,
1219 965 1264 1001 et
1292 959 1366 1002 nel
1393 957 1569 1002 inferno
1596 972 1622 1001 a
1649 963 1888 1014 spauento.

261 1035 322 1076 Et
343 1035 634 1089 quantunche
656 1034 693 1076 si
714 1033 908 1091 bisogna
928 1035 1222 1078 accomodare
1243 1049 1270 1078 a
1291 1034 1430 1091 tempi
1447 1041 1492 1078 et
1512 1034 1633 1078 modi
1649 1034 1695 1077 di
1716 1033 1888 1087 uiuere,

263 1125 354 1154 non
377 1110 569 1167 bisogna
591 1112 699 1168 pero
722 1111 1027 1156 accomodarsi
1043 1127 1093 1156 se
1108 1127 1200 1156 non
1217 1112 1291 1155 alli
1307 1111 1463 1164 buoni,
1483 1119 1529 1156 et
1545 1112 1743 1156 secondo
1761 1110 1793 1154 il
1810 1125 1893 1155 suo

260 1188 412 1244 grado
431 1194 476 1230 et
494 1194 628 1241 stato,
650 1188 986 1233 conformeuole
1003 1190 1073 1232 ala
1090 1188 1309 1245 religione
1325 1195 1370 1232 et
1386 1189 1489 1245 lege
1511 1189 1568 1233 de
1583 1188 1687 1242 Dio,
1706 1194 1753 1231 et
1773 1188 1895 1232 lume

263 1265 485 1309 naturale.
529 1264 807 1319 Altrimenti,
849 1267 1143 1321 quantunche
1164 1265 1204 1309 si
1229 1266 1334 1309 uiua
1360 1266 1475 1319 cosi,
1507 1280 1601 1309 non
1627 1266 1653 1309 e
1679 1265 1786 1322 pero
1814 1280 1894 1310 ex—

258 1347 420 1384 cusato
442 1340 473 1383 il
495 1341 801 1397 delinquente,
826 1356 955 1385 come
977 1357 1068 1386 non
1089 1342 1127 1386 si
1149 1343 1457 1387 excusarebbe
1478 1357 1582 1395 vno,
1608 1341 1681 1385 chi
1701 1344 1895 1386 hauesse

259 1430 513 1462 commesso
535 1418 772 1472 adulterio,
797 1421 963 1475 perche
980 1419 1106 1463 siano
1123 1419 1249 1463 molti
1266 1419 1366 1463 altri
1382 1419 1589 1463 adulteri.
1611 1420 1786 1476 Questo
1802 1433 1893 1462 non

256 1494 365 1537 -dico
385 1510 467 1552 per
487 1496 728 1540 diffidenza
749 1498 821 1539 ch’
846 1496 890 1540 io
910 1496 1075 1540 habbia
1103 1498 1161 1541 de
1187 1504 1340 1540 vostra
1368 1511 1578 1553 persona,
1604 1498 1689 1540 che
1715 1510 1807 1539 non
1828 1494 1895 1539 sia

262 1586 344 1628 per
366 1586 516 1616 essere
538 1587 627 1616 vno
644 1580 774 1616 santo
791 1574 1044 1629 exemplare
1061 1574 1103 1617 al
1120 1574 1302 1627 mondo,
1329 1589 1402 1617 ma
1423 1573 1650 1627 accioche,
1675 1572 1894 1616 correndo

264 1648 355 1701 voi,
389 1648 564 1692 v’inciti
593 1648 635 1692 io
663 1664 689 1692 a
716 1649 952 1706 maggiore
981 1663 1126 1703 corso,
1151 1665 1280 1695 come
1301 1650 1339 1694 si
1367 1651 1498 1694 suole
1522 1651 1614 1693 fare
1635 1650 1709 1693 nel
1729 1648 1891 1703 stadio,

258 1725 384 1769 ›doue
406 1740 432 1768 a
453 1725 659 1768 destrieri
680 1725 877 1770 correnti
899 1727 985 1769 alla
1006 1727 1236 1783 proposita
1257 1728 1419 1783 palma,
1444 1726 1762 1783 saggiongono
1789 1740 1892 1782 spe-

258 1800 377 1854 roni,
403 1801 618 1845 adcioche
639 1802 805 1855 volino,
832 1817 881 1847 se
903 1803 998 1847 fare
1020 1803 1058 1846 si
1078 1805 1199 1859 pud„

355 1879 402 1922 IL
425 1892 581 1922 TERzo
605 1892 814 1923 RICORDO
843 1880 884 1932 e,
917 1881 1022 1933 che,
1048 1894 1142 1923 non
1171 1880 1402 1936 puotendo
1427 1879 1501 1923 voi
1523 1880 1619 1923 solo
1641 1878 1840 1936 supplire
1868 1894 1895 1921 a

258 1955 373 1998 tutti
395 1955 425 1998 li
446 1955 616 2012 negotij
642 1963 687 1998 et
709 1956 901 2012 gouerni
922 1956 1192 2014 particolari,
1219 1970 1347 2000 come
1368 1956 1414 1999 in
1444 1957 1556 2000 fatto
1587 1949 1679 2000 11011
1700 1954 1891 2012 puoteti,

267 2031 511 2088 procuriati
533 2032 800 2077 constituire
823 2032 1013 2076 ministri
1034 2033 1186 2077 idonei
1208 2040 1253 2078 et
1280 2033 1325 2076 di
1354 2034 1506 2076 buona
1536 2031 1815 2076 conscientia
1837 2031 1895 2075 ali

259 2108 476 2166 ,gouerni,
499 2115 624 2166 tanto
646 2100 880 2167 temporali
901 2093 1071 2165 quanto
1093 2109 1314 2166 spirituali
1336 2117 1382 2153 et
1403 2108 1711 2162 ecclesiastici,
1736 2115 1783 2152 et
1798 2123 1896 2152 ma-

267 2184 388 2228 xime
415 2178 832 2242 nele'expeditioni,
866 2188 949 2230 che
986 2186 1204 2231 deriuano
1232 2187 1333 2230 dala
1361 2187 1468 2231 sede
1504 2185 1764 2243 apostolica,
1795 2185 1897 2229 dala

259 2263 417 2318 quale,
439 2277 567 2307 come
583 2263 640 2323 da
656 2246 784 2320 capo,
805 2264 1024 2319 prouiene
1041 2263 1325 2307 edificatione
1343 2278 1370 2307 o
1387 2264 1598 2307 scandalo
1615 2262 1704 2306 11611
1721 2261 1893 2318 populi,

266 2342 314 2382 et
335 2327 574 2382 occasione
593 2339 651 2383 ali
672 2339 859 2385 heretici
876 2340 921 2383 di
943 2340 1243 2397 mantenergli
1265 2341 1365 2384 11613
1388 2341 1487 2383 loro
1510 2339 1712 2396 perfidia,
1733 2345 1779 2383 et
1801 2339 1897 2382 fare

256 2417 352 2460 -6116
368 2415 446 2471 piu
467 2416 497 2458 11
519 2416 585 2459 sia
607 2417 794 2460 creduto
817 2418 998 2472 quando
1019 2417 1184 2460 dicono
1207 2418 1323 2461 male
1345 2417 1446 2461 dela
1467 2416 1634 2470 chiesa,
1659 2422 1705 2460 et
1726 2415 1793 2459 soi
1810 2414 1896 2457 mi-

266 2492 396 2535 nistri
418 2500 463 2536 et
484 2493 679 2537 vfficiali.
707 2495 883 2550 Questo
905 2494 1022 2547 dico,
1048 2496 1214 2550 perche
1234 2509 1342 2551 pare
1370 2496 1455 2538 che
1482 2492 1675 2550 hoggidi
1697 2491 1762 2536 sia
1784 2506 1897 2535 con-

269 2576 418 2612 stante
441 2571 560 2613 fama
581 2578 627 2614 et
648 2570 859 2627 opinione
880 2572 981 2615 nele
1002 2572 1144 2614 menti
1165 2571 1253 2614 deli
1283 2571 1470 2623 homini,
1495 2572 1580 2614 che
1602 2568 1826 2625 beneficij,
1851 2575 1897 2612 et

267 2646 508 2702 prelature,
535 2654 580 2691 et
601 2647 899 2704 indulgentie,
921 2656 967 2692 et
987 2648 1237 2705 signature,
1258 2655 1303 2692 et
1321 2649 1432 2691 altre
1454 2646 1587 2691 simili
1603 2645 1894 2702 expeditioni,

267 2723 326 2765 da
349 2714 603 2778 qualunche
625 2724 663 2767 si
683 2731 932 2781 ottengano
954 2726 1055 2769 dala
1076 2726 1184 2770 sede
1206 2724 1454 2781 apostolica
1475 2738 1555 2780 per
1584 2722 1658 2766 via
1679 2723 1735 2766 de
1756 2723 1897 2766 dena-

269 2798 322 2841 ri.
349 2800 435 2842 Dal
459 2801 590 2855 quale
612 2801 754 2845 abuso
774 2801 831 2843 de
854 2801 1044 2845 ministri
1067 2808 1112 2846 et
1133 2801 1329 2854 vfficiali‚
1356 2800 1477 2856 quali
1505 2800 1543 2843 si
1573 2801 1707 2843 fanno
1729 2811 1898 2855 pagare

268 2891 297 2919 a
318 2877 414 2919 loro
437 2878 592 2931 modo,
619 2891 677 2921 ne
698 2877 885 2920 ridonda
911 2878 1017 2934 puoi
1038 2878 1220 2921 infamia
1236 2879 1279 2921 d'
1301 2877 1489 2921 auaritia
1506 2877 1579 2921 nel
1595 2889 1767 2920 sommo
1782 2889 1896 2931 pon-

267 2952 408 3006 tifice,
433 2954 623 3007 benche,
649 2968 777 2999 come
799 2956 948 3008 credo,
974 2955 1040 2998 sia
1061 2956 1158 2998 solo
1178 2954 1295 2998 vicio
1316 2955 1373 2998 de
1394 2953 1546 3010 quelli,
1571 2953 1617 2996 in
1638 2952 1759 3009 quali
1780 2951 1843 2995 lui
1861 2951 1899 2994 si

264 3030 374 3073 fida.
408 3031 463 3073 Et
490 3033 597 3087 pero
626 3033 748 3075 sarra
777 3045 881 3075 cosa
911 3039 1083 3087 sancta,
1108 3039 1154 3076 et
1181 3033 1331 3089 degna
1359 3033 1415 3076 de
1442 3037 1594 3075 vostra
1620 3043 1826 3087 persona,
1851 3027 1899 3071 in
