2034 3476
354 263 425 299 240
844 256 1081 293 EPISTOLAE
1114 256 1398 293 MJXTAE—831

1063 516 1175 557 831

841 605 1044 643 PETRUS
1070 607 1141 641 DE
1166 605 1387 641 PARADA

667 691 854 734 PATRI
885 691 1148 750 IGNATIO
1180 691 1263 734 DE
1294 690 1555 762 LOyOLA

785 793 1052 821 comMBmCA
1078 793 1124 830 27
1148 794 1254 828 JUNn
1283 793 1373 831 1554
1400 787 1428 823 ¹.

294 863 534 900 Humillimis
551 862 747 910 precibus,
766 867 809 898 ut
826 862 954 898 denuo
971 862 1010 897 in
1029 861 1267 898 Societatem
1285 862 1510 910 recipiatur,
1535 864 1910 910 efflagitat.-—Exem

362 924 469 971 plum
486 922 642 958 divinae
660 921 832 966 ultionis,
851 933 940 957 eum
958 921 1222 958 misericordia
1245 922 1492 969 conjunctae,
1518 923 1558 959 in
1576 935 1658 968 eos,
1676 924 1744 972 qui
1768 935 1790 960 a
1813 936 1926 962 voca-

363 983 469 1019 tione
487 994 557 1018 sua
573 981 815 1017 desciscunt.

950 1072 1085 1129 Jesus
1116 1070 1259 1116 Maria

379 1165 658 1211 Charissimo
688 1166 851 1209 Padre.
883 1165 1115 1210 Gaudium
1145 1172 1191 1210 et
1218 1180 1307 1222 pax
1335 1165 1394 1209 sit
1426 1165 1507 1209 tibi
1534 1180 1726 1223 semper.
1752 1167 1917 1213 Amen.

290 1246 359 1287 Eu
388 1250 545 1298 entrey
573 1257 632 1285 na
659 1241 942 1298 Companhia
970 1243 1027 1286 de
1048 1244 1184 1300 Jesus
1206 1257 1257 1286 os
1279 1242 1376 1286 dias
1404 1258 1431 1287 e
1461 1257 1604 1286 annos
1626 1258 1715 1300 que
1735 1258 1785 1289 se
1805 1246 1924 1301 pode

289 1335 367 1365 ver
389 1335 447 1363 na
475 1320 607 1363 taboa
630 1319 712 1362 dos
739 1319 952 1362 entrados
979 1334 1005 1363 e
1034 1319 1214 1375 saydos,
1239 1333 1340 1363 com
1369 1326 1547 1376 teneam
1569 1320 1625 1364 de
1654 1321 1772 1364 nella
1792 1321 1923 1368 viuer

285 1414 310 1442 e
332 1411 517 1448 morrer:
538 1412 564 1440 e
580 1410 680 1439 com
698 1402 795 1440 esta
817 1402 995 1451 tencam
1016 1397 1074 1439 fiz
1091 1411 1142 1440 os
1163 1403 1294 1440 votos
1316 1411 1406 1452 que
1426 1396 1530 1440 nela
1545 1411 1594 1440 se
1616 1404 1918 1452 acustumam,

281 1489 307 1518 e
329 1477 453 1519 Deos
478 1474 588 1517 sabe
617 1478 810 1528 quantas
841 1473 1132 1528 consolacoes
1159 1474 1278 1517 nella
1305 1488 1378 1518 me
1406 1481 1497 1518 tem
1528 1473 1668 1516 dadas
1690 1474 1722 1517 ².
1758 1475 1918 1532 Agora

278 1567 360 1609 por
381 1565 511 1595 meus
533 1549 726 1606 pecados
749 1563 808 1592 no
831 1564 949 1592 anno
972 1550 1139 1606 pasado
1160 1550 1217 1593 de
1246 1560 1372 1605 1553,
1392 1564 1475 1606 por
1490 1564 1571 1594 ver
1587 1564 1613 1592 e
1633 1565 1706 1595 me
1727 1565 1916 1607 parecer

276 1642 365 1685 que
388 1627 488 1671 avia
518 1627 724 1683 algumas
747 1625 1003 1681 turbacoes,
1029 1642 1101 1671 me
1129 1626 1295 1680 turbei3
1322 1640 1348 1670 e
1368 1627 1510 1670 sendo
1539 1633 1630 1669 tam
1659 1642 1761 1671 mao
1789 1641 1814 1671 e
1835 1643 1906 1672 em

212 1754 217 1759 ,
273 1720 390 1762 pena
411 1705 467 1748 de
487 1718 616 1747 meus
637 1704 849 1763 pecados,
869 1717 1058 1759 nunqua
1078 1718 1198 1747 ouue
1215 1708 1496 1758 amostacoes
1518 1718 1606 1760 que
1628 1719 1700 1749 me
1721 1719 1905 1750 moues-

272 1797 368 1828 sem
390 1797 416 1825 a
438 1795 601 1837 querer
623 1795 730 1836 cayr
752 1795 810 1823 na
831 1781 1044 1833 verdade,
1078 1795 1183 1825 nem
1205 1795 1264 1824 eu
1285 1794 1448 1836 querer
1477 1780 1598 1825 fazer
1619 1795 1646 1824 o
1669 1795 1758 1836 que
1779 1782 1903 1826 sabia

272 1874 360 1915 que
382 1873 459 1902 era
479 1857 727 1910 necesari03
754 1857 873 1912 pollo
896 1858 1000 1912 qual
1019 1857 1083 1900 fui
1106 1856 1272 1900 muitas
1293 1871 1428 1901 vezes
1451 1858 1727 1911 amoestado,
1753 1872 1778 1901 e
1800 1873 1900 1902 com

272 1936 379 1979 todo
407 1933 550 1977 muito
578 1933 690 1976 mais
717 1934 848 1987 dur03
880 1935 998 1977 onde
1035 1934 1111 1990 foy
1138 1933 1370 1978 necesario
1402 1947 1475 1976 ser
1502 1934 1692 1989 lancado
1719 1935 1815 1978 fora
1842 1937 1904 1978 do

270 2028 367 2056 mar
386 2012 444 2055 da
466 2009 756 2070 cha[ri]dade;
778 2026 803 2055 e
819 2010 1000 2067 despois
1016 2010 1362 2068 arrempendido
1380 2025 1453 2054 me
1471 2010 1651 2066 quisera
1673 2018 1840 2056 tornar.
1861 2014 1899 2056 E

266 2104 348 2147 por
363 2104 437 2133 me
453 2088 648 2131 dizerem
665 2101 754 2142 que
771 2087 873 2130 auia
889 2088 947 2132 de
963 2102 1093 2143 pasar
1110 2088 1254 2144 pollos
1270 2087 1386 2131 dous
1403 2101 1546 2130 annos
1562 2088 1620 2131 da
1636 2102 1896 2144 prouacam,

263 2159 368 2210 nam
397 2165 498 2221 quis
528 2170 709 2221 aceptar
740 2171 836 2207 esta
869 2165 1120 2220 condicam:
1152 2165 1273 2221 pollo
1306 2165 1412 2220 qual
1443 2164 1594 2209 recebi
1627 2171 1752 2208 tanta
1778 2180 1897 2221 pena

259 2244 420 2288 dentro
437 2243 599 2294 dalma‚
621 2255 711 2297 que
727 2241 883 2285 adoeci
905 2243 962 2285 de
979 2256 1092 2298 pura
1113 2240 1411 2294 malenconia,
1433 2257 1458 2286 e
1475 2243 1598 2285 Deos
1621 2255 1694 2284 me
1714 2256 1892 2298 prouou

259 2308 467 2377 segundo
495 2333 577 2363 sua
605 2317 926 2372 misericordia,
958 2333 1047 2374 que
1075 2320 1152 2374 foy
1182 2317 1412 2363 necesario
1441 2325 1662 2362 cortarem
1684 2333 1757 2362 me
1777 2320 1887 2363 hum

258 2412 359 2454 pee,
384 2397 441 2439 de
463 2410 552 2451 que
573 2409 677 2438 creo
700 2409 788 2450 que
804 2395 853 2450 ja
874 2396 948 2439 lhe
970 2403 1112 2440 teram
1135 2394 1230 2438 dito
1252 2409 1384 2438 como
1406 2408 1572 2451 passou
1595 2395 1626 2437 ³.
1654 2395 1691 2437 E
1712 2409 1887 2451 porque

257 2488 340 2516 nos
363 2473 448 2516 tais
469 2474 586 2516 bons
607 2471 703 2515 dias
725 2487 751 2516 e
773 2478 947 2528 tempos
969 2486 1130 2528 parece
1154 2486 1242 2527 que
1265 2471 1464 2514 cuidaria
1486 2485 1558 2513 em
1580 2472 1703 2514 Deos
1725 2487 1750 2516 e
1771 2472 1886 2517 mais

255 2565 327 2595 em
349 2549 526 2593 minhas
547 2549 792 2602 maldades,
814 2563 902 2605 que
922 2564 1026 2593 nam
1050 2556 1140 2592 tem
1162 2555 1314 2601 conto,
1339 2562 1398 2591 eu
1419 2561 1519 2591 com
1543 2548 1653 2591 todo
1675 2563 1880 2605 coracam

323 2707 333 2727 ¹
383 2705 442 2740 Ex
460 2704 699 2751 autographo
728 2702 768 2739 in
782 2705 859 2739 vol.
880 2705 926 2751 E,
949 2704 1095 2752 duplici
1123 2703 1230 2749 folio,
1249 2715 1287 2738 n.
1311 2702 1393 2748 169,
1410 2701 1518 2749 prius
1535 2701 1618 2747 463,
1638 2702 1878 2746 (Secundum

244 2763 378 2800 folium
396 2763 612 2799 abscissum
629 2765 717 2808 est).

311 2826 325 2845 ²
376 2822 482 2858 Petri
499 2822 548 2857 de
566 2821 714 2857 Parada
731 2821 833 2857 facta
852 2823 998 2858 mentio
1016 2827 1076 2859 est
1094 2833 1223 2869 supra,
1244 2820 1377 2868 Epist.
1404 2819 1567 2862 Mixtae,
1584 2825 1617 2856 t.
1640 2830 1667 2865 1,
1682 2832 1771 2868 pag.
1788 2820 1872 2868 5393

241 2888 268 2918 t.
289 2891 331 2928 11,
349 2892 439 2929 pag.
457 2881 693 2927 49o.-Vide
711 2880 825 2925 infra,
840 2882 956 2928 epist.
976 2883 1101 2918 Patris
1119 2882 1258 2927 Mirou,
1277 2889 1298 2915 2
1318 2879 1488 2924 Augusti
1506 2879 1649 2915 datam.

310 2942 324 2962 ³
372 2941 471 2975 Rem
489 2945 610 2976 totam
634 2944 789 2975 narrant
815 2940 907 2976 Litt.
936 2941 1112 2986 Quadr„
1138 2946 1166 2976 t.
1197 2949 1239 2985 11,
1263 2949 1352 2986 pag.
1379 2937 1535 2983 482-487
1560 2943 1599 2974 et
1623 2939 1866 2986 POLANCUS,

238 3006 266 3035 t.
286 3008 341 3045 lv,
360 3010 452 3046 pag.
477 3007 648 3046 497-499,
666 3011 704 3034 n.
728 3006 946 3046 1051-1055,
964 3000 1030 3047 qui
1056 3000 1173 3035 etiam
1199 2998 1256 3034 rei
1283 3001 1470 3033 eventum
1495 3002 1535 3033 et
1561 2997 1703 3043 Ignatii
1720 2996 1769 3032 ad
1791 2997 1861 3033 has

234 3057 385 3094 litteras
402 3069 631 3110 responsum
649 3057 859 3106 significat,
879 3065 920 3095 ut
938 3059 1070 3095 statim
1083 3059 1262 3095 dicimus.
