2054 3496
820 276 863 313 15
889 269 1093 315 JANUARu
1121 277 1212 314 1554
1740 270 1787 317 39

186 371 336 415 sendo
374 370 418 413 la
453 370 628 427 grande
664 369 855 427 penuria
894 370 954 415 de
989 369 1123 413 simili
1144 385 1227 427 soy
1263 371 1360 428 pari
1397 377 1443 415 et
1470 371 1514 415 la
1548 371 1761 430 'stagione
1787 373 1834 415 di

188 447 341 504 questi
369 446 539 492 infelici
562 446 700 504 tempi
728 448 831 492 nele
859 447 1010 491 bande
1031 455 1202 501 nostre,
1227 455 1274 492 et
1295 450 1380 493 che
1413 455 1573 504 questo
1595 448 1834 505 precipua-

185 532 342 569 mente
377 524 495 568 deba
527 524 774 580 procedere
803 539 885 581 per
905 524 949 569 le
980 524 1295 568 constitutioni
1333 526 1451 569 della
1482 540 1566 569 sua
1593 525 1831 582 religione,

185 602 310 658 qual'
335 602 517 645 debano
534 600 779 657 prohibire,
801 615 894 644 non
910 608 1120 646 acettano
1138 615 1248 646 cura
1263 603 1321 646 de
1338 601 1488 647 anime
1509 604 1538 645 ¹.
1559 602 1650 646 Dil’
1671 604 1756 647 che
1777 617 1835 647 ne

188 679 235 723 fa
256 693 347 723 non
370 692 519 735 puoco
544 677 906 735 marauelgliare,
932 678 1262 723 considerando
1279 679 1372 732 noi,
1393 681 1478 724 che
1493 680 1553 722 da
1573 679 1683 736 ogni
1700 687 1835 724 canto

186 755 328 811 quelli
349 755 581 799 benedetti
604 755 769 812 colegii
791 770 884 801 non
906 757 1027 800 hano
1048 756 1079 798 l'
1102 755 1236 800 ochio
1257 757 1315 800 ad
1337 757 1468 810 altr0,
1494 758 1580 801 che
1601 757 1836 802 attendere

184 834 247 877 ad
268 833 509 885 instruere,
529 832 774 877 hedificare
790 839 837 877 et
854 839 1122 877 aumentare
1138 833 1182 876 13
1198 839 1349 876 santta
1365 841 1411 878 et
1428 832 1621 876 catolica
1638 834 1740 877 fede
1756 833 1833 876 dil’

186 911 331 954 buon'
360 909 522 962 Giessi,
552 917 708 953 nostro
738 910 1031 954 redemttore.
1058 911 1116 953 Et
1138 925 1231 953 non
1260 911 1513 955 solamente
1544 911 1631 953 nel’
1658 909 1835 954 cristia-

186 1001 363 1039 nesmo,
390 1002 463 1031 ma
485 1001 577 1030 non
600 986 861 1030 extimando
883 986 1034 1031 alcuni
1055 987 1261 1044 periculi,
1285 1002 1404 1031 vano
1426 988 1483 1031 ad
1511 986 1658 1040 indos,
1684 994 1730 1032 et
1756 987 1836 1043 pisi

188 1066 323 1117 oltra,
348 1065 406 1109 da
423 1065 573 1120 qualle
593 1065 748 1108 buone
765 1063 926 1107 attioni
942 1079 1035 1107 non
1051 1079 1259 1120 possemo
1277 1064 1490 1109 estimare
1505 1065 1564 1108 ne
1580 1064 1831 1121 giudicare‚

185 1142 265 1185 chi
295 1142 413 1186 bene
444 1141 680 1186 considera
702 1141 733 1183 il
765 1141 858 1186 fine
895 1156 998 1195 suo,
1029 1143 1115 1185 che
1143 1156 1281 1186 auere
1311 1156 1404 1185 non
1436 1149 1562 1186 tanto
1593 1129 1703 1185 cura
1732 1142 1834 1187 dele

184 1218 352 1271 anime,
393 1220 478 1263 che
515 1217 592 1275 gia
632 1233 744 1261 sono
782 1226 1052 1275 regenerate
1090 1219 1179 1263 nel’
1219 1219 1441 1272 batesmo‚
1480 1234 1553 1262 ma
1583 1232 1749 1262 ancora
1775 1219 1832 1263 de

185 1295 448 1352 aquistarne
484 1295 585 1340 dele
621 1296 750 1347 altre,
782 1295 828 1338 di
858 1309 1043 1340 manera
1074 1297 1175 1347 che,
1211 1296 1407 1339 volendo
1440 1296 1631 1340 redurce
1653 1296 1696 1338 al
1722 1309 1832 1340 vero

183 1387 373 1430 scoppo,
399 1387 491 1416 non
513 1374 711 1417 tendano
733 1374 818 1416 che
839 1374 997 1416 hauer’
1018 1387 1128 1417 cura
1149 1373 1250 1417 dele
1274 1372 1438 1416 anime.
1465 1373 1601 1417 Siche
1622 1373 1832 1417 andando

186 1465 270 1507 per
290 1450 360 1494 cio
381 1450 483 1494 nele
503 1450 644 1502 Indie,
675 1450 873 1493 volendo
900 1449 974 1506 poi
1004 1451 1206 1494 lassarne
1232 1449 1324 1502 noi,
1350 1464 1441 1493 non
1469 1465 1529 1494 ne
1559 1464 1667 1506 pare
1694 1449 1830 1494 lecito

185 1527 393 1584 pilgliare
414 1527 462 1570 il'
484 1542 602 1583 pane
623 1527 716 1584 agli
736 1526 900 1571 fratelli
915 1534 961 1572 et
978 1527 1170 1584 filglioli,
1191 1533 1236 1573 et
1253 1527 1379 1570 darlo
1402 1527 1494 1584 agli
1516 1526 1633 1570 cani:
1653 1526 1829 1571 dicemo

182 1605 218 1647 il
239 1619 357 1661 pane
378 1603 441 1647 dil
461 1605 601 1648 verbo
622 1605 679 1647 de
700 1603 805 1657 Dio,
825 1610 871 1647 et
886 1603 964 1647 dil’
984 1605 1138 1647 buono
1159 1604 1382 1660 exemplo.
1404 1605 1462 1647 Et
1479 1605 1644 1660 perche
1666 1618 1724 1647 ne
1746 1618 1829 1660 po-

183 1681 274 1725 tria
313 1684 451 1726 esser'
482 1681 675 1738 risposto
712 1683 798 1726 che
834 1682 909 1726 nel
929 1681 1126 1726 esercire
1165 1682 1254 1726 tale
1281 1696 1392 1726 cure
1427 1680 1473 1723 vi
1504 1695 1616 1724 sono
1647 1680 1827 1726 diverse

182 1758 347 1802 attioni
368 1758 594 1815 prohibite
615 1759 718 1803 nele
733 1773 816 1803 sue
833 1758 1164 1813 constitutioni,
1183 1760 1379 1803 hauemo
1397 1758 1605 1802 ordinato
1622 1759 1679 1802 de
1697 1773 1827 1801 man-

183 1836 344 1881 tenerli
366 1850 457 1879 vno
488 1837 721 1892 capelanO,
747 1836 867 1891 qual'
898 1835 1034 1880 habia
1065 1835 1259 1880 esercire
1290 1836 1333 1879 13
1365 1850 1474 1879 cura
1501 1835 1549 1878 in
1582 1818 1722 1887 tutt0,'
1745 1851 1826 1880 ex-

126 1917 128 1919 ’
179 1920 306 1958 cetto
329 1913 376 1957 in
397 1914 547 1969 quelle
568 1913 745 1969 attioni,
769 1915 856 1959 che
877 1914 919 1957 le
941 1914 1122 1957 sudette
1142 1927 1226 1958 sue
1248 1912 1562 1956 constitutioni
1578 1919 1826 1969 permetta—

181 2005 257 2045 no;
288 2006 362 2034 ma
399 1990 445 2033 il'
478 1991 610 2034 titulo
647 1998 693 2034 et
722 1992 753 2033 l’
782 1990 1060 2035 auttoritade
1088 1991 1190 2034 dela
1211 2005 1322 2034 cura
1353 1989 1576 2034 conuiene
1606 2005 1687 2046 per
1716 1989 1826 2046 ogni

179 2069 318 2112 modo
341 2067 396 2111 sii
417 2069 544 2111 datto
568 2069 625 2111 al'
651 2069 834 2111 sudetto
856 2068 962 2111 don’
987 2068 1191 2120 Andrea,
1216 2082 1357 2112 ouero
1384 2082 1446 2109 vn
1476 2067 1591 2110 altro
1619 2068 1675 2110 de
1704 2067 1826 2122 queli

181 2145 284 2189 Rdi.
318 2145 499 2202 colegii‚
531 2144 570 2189 si
602 2159 730 2188 come
757 2145 936 2201 piacet&
973 2146 1044 2188 ala
1071 2145 1252 2188 sudetta
1285 2146 1342 2188 V.
1384 2145 1439 2188 R.
1482 2145 1556 2197 P.,
1587 2145 1754 2200 perche
1784 2145 1826 2187 13

179 2223 388 2279 predetta
410 2224 464 2266 R.
492 2225 545 2266 P.
574 2224 631 2267 V.
658 2237 708 2266 sa
729 2229 902 2278 quanto
922 2222 1116 2278 importa
1137 2222 1166 2264 l’
1187 2221 1461 2266 auttoritade
1477 2228 1524 2264 et
1540 2220 1826 2277 reputatione

176 2299 227 2341 di
249 2300 400 2355 quello
422 2301 480 2342 ha
497 2300 528 2342 il
551 2299 683 2342 titulo
699 2306 746 2343 et
767 2299 916 2343 carico
938 2299 1015 2342 dil'
1041 2306 1215 2351 curato,
1235 2299 1273 2341 si
1290 2299 1365 2342 nel
1381 2298 1630 2355 predicare,
1651 2305 1823 2354 quanto

181 2377 272 2420 nel'
298 2377 571 2432 reprendere
592 2376 658 2433 gli
678 2376 794 2429 vitii,
820 2383 866 2420 et
893 2376 1180 2429 comandare,
1205 2382 1251 2419 et
1275 2376 1368 2419 fare
1393 2376 1506 2419 altre
1528 2374 1689 2418 attioni
1721 2389 1821 2430 per-

181 2452 345 2496 tinenti
367 2453 459 2510 agli
481 2453 642 2497 curati.
679 2454 750 2497 Ne
773 2452 920 2509 potria
942 2453 1050 2496 dare
1071 2453 1224 2496 buono
1246 2453 1400 2505 odore,
1432 2466 1573 2496 ouero
1604 2451 1820 2506 esemplo,

179 2530 275 2587 agli
297 2530 398 2573 altri
421 2530 583 2583 curati,
608 2545 657 2574 se
679 2530 776 2587 egli
795 2545 887 2573 non
905 2531 1029 2573 fusse
1050 2537 1224 2582 curato,
1246 2536 1291 2573 et
1313 2531 1506 2574 hauesse
1523 2530 1565 2571 13
1583 2527 1823 2584 potestade

176 2607 305 2664 degli
326 2607 432 2650 beni
454 2607 699 2664 pertinenti
721 2608 778 2651 ad
800 2622 901 2651 essa
922 2621 1033 2651 cura
1054 2614 1101 2650 et
1122 2606 1266 2663 giesa,
1291 2607 1330 2649 si
1351 2621 1482 2650 come
1498 2608 1557 2647 ha
1588 2604 1822 2648 incomen—

181 2691 299 2737 zato,
325 2684 387 2727 dil
409 2686 494 2728 che
517 2699 568 2728 ce
590 2684 691 2728 dice
712 2684 802 2741 poi:
828 2684 860 2727 il
881 2691 1040 2728 curato
1062 2685 1119 2728 de
1141 2683 1412 2739 Morbegnio
1434 2697 1486 2725 ce
1508 2682 1685 2738 diporta
1701 2682 1823 2723 cosci

178 2767 229 2803 et
251 2762 387 2804 cosei.

268 2837 447 2893 Doppoi
485 2839 528 2881 13
562 2839 763 2882 bontade
786 2838 862 2880 dil’
895 2837 1052 2894 signor
1084 2836 1227 2890 Iddio,
1261 2839 1346 2881 che
1377 2838 1437 2879 ha
1467 2835 1585 2878 visto
1617 2833 1648 2876 li
1679 2833 1823 2877 nostri

255 2963 265 2982 ¹
317 2960 417 2996 Vide
435 2961 659 2998 Galvanelli
677 2963 897 3010 epistolam,
917 2974 959 2998 n.
983 2970 1069 3007 750,
1088 2967 1129 2998 et
1147 2962 1186 2997 in
1204 2961 1404 3008 superiore
1424 2959 1620 2994 volumine
1635 2958 1823 3005 epistolas

177 3018 268 3065 716,
286 3027 370 3064 717,
389 3020 473 3064 718,
492 3033 586 3068 pag.
608 3021 780 3073 632-6383
806 3022 1027 3068 PoLAnco,
1046 3026 1074 3057 t.
1100 3030 1157 3067 ιν,
1176 3031 1265 3068 pag.
1295 3019 1375 3064 136,
1396 3031 1438 3054 n.
1470 3027 1551 3063 272,
1575 3017 1643 3065 qui
1664 3018 1736 3053 hac
1760 3022 1824 3052 est

180 3090 274 3114 usus
293 3079 471 3125 epistola.
