2014 3470
760 233 802 271 31
831 233 1049 273 Ocronms
1078 241 1169 279 1554
1649 242 1719 280 425

642 607 938 646 EDMUNDUS
965 607 1238 645 AUGERIUS

500 693 688 736 PATRI
718 692 981 736 IGNATIO
1012 692 1096 735 DE
1128 681 1388 736 LoYOLA

609 794 789 823 PERUSIA
813 785 856 821 31
885 794 1093 822 oc'roBms
1122 793 1214 831 1554
1242 788 1268 822 ¹.

125 869 300 918 Epistola
322 868 796 917 quadrimestris.-Socii
819 868 1037 905 litterarum
1061 868 1192 905 studio
1211 874 1252 904 et
1269 867 1487 916 scriptioni,
1506 873 1585 904 tam
1610 870 1761 906 solutae

192 941 308 977 quam
326 929 484 975 ligatae,
499 928 710 975 diligenter
727 940 770 964 se
788 927 1139 964 dant.—Proximis
1156 927 1346 974 frugifera
1364 939 1482 975 opera
1505 928 1758 976 impenditur.

194 988 450 1024 —Societatis
469 989 564 1035 Jesu
581 987 890 1024 candidati.-P.
914 987 1059 1023 Lainez
1075 987 1289 1024 honorifice
1308 992 1516 1035 exceptus.

931 1071 961 1129 ,L

213 1167 278 1210 La
294 1165 442 1223 gratia
463 1173 509 1210 et
524 1180 637 1223 pace
653 1165 698 1210 di
717 1165 900 1210 Christo
917 1172 1073 1209 nostro
1091 1165 1249 1223 signor
1266 1165 1332 1209 sia
1346 1180 1525 1222 sempre
1540 1165 1615 1209 nei
1631 1166 1758 1210 cuori

122 1243 282 1288 nostri.
307 1244 473 1288 Amen.
499 1244 644 1287 Multo
667 1244 781 1287 Rdo.
808 1242 855 1286 in
877 1244 998 1299 Xpo.
1032 1244 1196 1288 Padre.
1223 1245 1312 1287 Per
1339 1249 1500 1299 questa
1522 1244 1579 1287 V.
1607 1245 1660 1287 Ρ.
1686 1244 1758 1287 in-

122 1321 309 1366 tendera
331 1321 481 1376 quello
502 1321 588 1363 che
608 1320 639 1362 il
660 1320 818 1377 signor
838 1320 964 1363 Iddio
992 1319 1040 1362 in
1067 1327 1243 1364 cotesta
1270 1319 1380 1364 citta
1402 1334 1482 1376 per
1508 1320 1758 1364 ministerio

120 1397 168 1440 di
183 1412 268 1442 sua
284 1397 567 1455 Compagnia
583 1398 642 1440 113
659 1397 918 1453 adoperato.
940 1397 1119 1452 Questo
1136 1403 1261 1440 certo
1276 1396 1510 1440 faressimo
1523 1411 1610 1440 con
1627 1412 1758 1454 mag-

121 1474 223 1531 gior
244 1488 502 1531 uergogna,
528 1474 567 1517 si
588 1473 620 1516 il
643 1473 811 1517 iudicio
839 1475 1040 1517 humano
1060 1472 1099 1516 si
1119 1473 1371 1518 confacessi
1395 1474 1465 1516 col
1487 1473 1659 1527 diuin03
1685 1489 1758 1518 ma

122 1551 282 1608 poiche
311 1551 437 1594 Iddio
466 1551 651 1596 attende
682 1551 740 1594 al’
770 1549 1040 1604 intentione,
1064 1557 1111 1593 et
1138 1551 1196 1594 V.
1230 1552 1283 1594 P.
1316 1565 1365 1593 sa
1391 1557 1437 1594 et
1459 1564 1689 1607 cognosce
1712 1552 1755 1595 13

121 1628 310 1672 uolunta
338 1634 512 1682 nostra,
543 1627 621 1683 piu
647 1626 978 1672 harditamente
1005 1626 1297 1672 scriueremo.
1324 1629 1382 1670 Et
1410 1627 1554 1683 prima
1581 1627 1755 1672 diremo

115 1704 223 1749 delli
238 1704 394 1760 studij,
409 1710 584 1748 attento
600 1705 685 1748 che
701 1703 807 1749 delli
825 1704 989 1749 fratelli
1005 1719 1099 1747 non
1116 1718 1302 1749 occorre
1318 1705 1449 1757 altro,
1469 1718 1520 1748 se
1536 1719 1627 1748 non
1644 1705 1754 1761 ogni

89 1787 95 1791 ’
118 1781 242 1825 uirtsi
263 1789 309 1825 et
331 1795 574 1838 progresso
595 1781 714 1825 nella
738 1780 811 1824 uia
832 1781 907 1825 del
928 1780 1140 1837 Signore,
1164 1780 1195 1823 il
1217 1783 1303 1826 che
1321 1788 1446 1825 tanto
1467 1781 1547 1838 piu
1563 1796 1671 1838 pare
1688 1781 1753 1825 sia

116 1859 270 1915 degno
299 1857 345 1901 di
376 1859 494 1911 lode,
521 1865 692 1915 quanto
719 1857 797 1915 piu
828 1859 872 1901 la
899 1857 994 1901 uita
1020 1858 1117 1902 loro
1144 1859 1266 1901 bona
1287 1860 1347 1902 ha
1373 1858 1747 1903 contradictione.

206 1934 340 1979 Circa
355 1934 387 1978 li
403 1935 539 1991 studij
560 1935 772 1992 adonque
789 1934 888 1979 diro
904 1936 1202 1980 breuemente
1222 1942 1269 1979 et
1285 1935 1332 1978 in
1351 1935 1626 1988 uniuersale,
1647 1938 1748 1989 che,

114 2013 235 2069 dopo
256 2013 342 2057 che
362 2013 405 2055 el
425 2012 609 2068 dialogo
632 2013 681 2055 fu
703 2011 895 2056 recitato
917 2026 1005 2055 con
1026 2011 1143 2056 assai
1164 2011 1466 2056 satisfattione
1482 2013 1600 2055 della
1622 2012 1748 2065 citta,

117 2090 283 2133 crebbe
305 2088 336 2131 il
362 2103 554 2132 numero
580 2089 637 2132 de
666 2088 906 2141 studianti,
938 2095 984 2139 et
1010 2089 1053 2131 la
1082 2088 1186 2133 fede
1213 2095 1259 2132 et
1286 2089 1318 2131 il
1347 2089 1519 2132 credito
1543 2103 1677 2133 uerso
1708 2090 1751 2132 13

117 2165 417 2223 Compagnia.
442 2167 518 2210 Ma
534 2179 648 2209 sono
664 2164 771 2208 stati
788 2165 1003 2220 alquanto
1019 2164 1245 2208 interrotti
1262 2180 1343 2222 per
1358 2173 1494 2209 conto
1510 2165 1617 2210 delli
1634 2165 1751 2208 caldi

116 2249 164 2286 et
185 2242 286 2285 altri
307 2242 594 2298 occupationi
610 2242 716 2285 nelli
737 2241 1028 2298 possessioni,
1048 2249 1157 2286 etc.:
1182 2242 1408 2299 speriamo
1428 2245 1514 2287 che
1536 2250 1688 2299 presto
1711 2241 1747 2285 si

117 2317 467 2362 corhinceranno
483 2320 541 2362 da
557 2320 729 2362 douero
745 2326 791 2362 et
808 2333 895 2362 con
912 2319 1069 2362 frutto.
1090 2319 1270 2363 Adesso
1286 2319 1325 2362 si
1341 2334 1574 2376 occupano
1593 2319 1606 2360 i
1623 2333 1747 2362 mae-

115 2394 197 2438 stri
219 2395 267 2438 in
289 2396 383 2440 fare
404 2395 596 2439 orationi
617 2403 663 2440 et
687 2395 823 2450 uersi,
848 2403 894 2439 et
915 2395 945 2438 li
968 2395 1184 2452 discepoli
1206 2395 1254 2439 in
1282 2396 1537 2452 impararle,
1563 2395 1688 2439 30010
1710 2394 1748 2438 si

116 2471 306 2515 ricitano
327 2471 374 2514 in
395 2479 555 2527 questa
577 2471 874 2516 renouatione
891 2471 936 2514 di
959 2471 1113 2528 studij,
1134 2471 1165 2515 il
1187 2474 1289 2527 che,
1309 2474 1485 2517 benche
1504 2487 1594 2515 non
1616 2471 1690 2514 dia
1706 2472 1748 2514 31

118 2555 238 2591 tutto
255 2548 463 2601 creditto,
480 2548 817 2593 nientedimeno
834 2550 892 2592 da
908 2548 1206 2594 admiratione
1222 2565 1248 2594 a
1265 2557 1427 2606 questo
1444 2550 1613 2605 populo
1632 2547 1748 2591 assai

117 2625 307 2681 grande,
326 2625 443 2668 della
458 2624 694 2682 diligentia
710 2633 756 2670 et
773 2627 907 2669 modo
930 2640 1063 2669 uerso
1080 2625 1111 2668 li
1131 2626 1340 2670 scholari:
1363 2626 1504 2669 faccia
1520 2624 1646 2668 Iddio
1663 2626 1747 2668 che

115 2700 227 2758 ogni
249 2715 356 2744 cosa
377 2700 443 2744 sia
464 2716 490 2744 a
513 2715 597 2744 suo
617 2703 792 2746 honore
814 2708 859 2746 et
875 2701 1035 2759 gloria.

206 2778 386 2822 Adesso
407 2784 527 2822 resta
547 2777 643 2821 dire
665 2778 739 2823 del
766 2793 979 2823 successo
1008 2779 1126 2823 delle
1152 2793 1259 2824 cose
1287 2778 1535 2835 spirituale,
1563 2779 1604 2821 10
1626 2778 1748 2833 quali

117 2868 270 2897 uanno
292 2868 372 2910 per
400 2853 546 2910 gratia
573 2855 646 2897 del
675 2854 871 2911 Signore
898 2855 943 2898 di
971 2856 1088 2900 bene
1110 2855 1156 2898 in
1185 2855 1368 2913 meglio,
1394 2864 1440 2899 et
1471 2868 1558 2897 con
1585 2861 1747 2909 questo

190 3028 201 3048 ¹
252 3027 310 3061 Ex
328 3025 508 3072 originali
526 3002 663 3061 in'vol.
686 3026 732 3071 E,
748 3025 892 3073 duplici
911 3025 1019 3069 folio.
1037 3038 1081 3063 n.
1104 3026 1163 3069 36,
1183 3028 1289 3077 prius
1308 3035 1366 3072 55.
