2054 3496
838 266 862 302 8
886 267 1118 303 FssssRuAnn
1148 267 1238 312 15'54
1754 270 1797 306 61

968 521 1085 564 764

752 628 1076 668 LEONARDUS
1095 630 1294 667 KESSEL

573 731 761 775 PATRI
791 731 1054 777 IGNATIO
1087 734 1170 776 DE
1202 731 1464 776 LOYOLA

700 851 885 880 COLONIA
910 843 932 879 8
957 849 1184 881 FEBRUARn
1213 851 1304 890 1554
1332 846 1358 879 ¹.

204 943 312 980 Socii
329 943 476 990 optima
492 948 571 979 tam
588 943 762 991 corporis
779 955 896 991 quam
914 944 1067 980 animae
1081 944 1264 981 fruuntur
1288 943 1645 992 sanitate.—Optat
1662 944 1823 994 Gruppe

275 1015 341 1039 rus
358 1015 448 1039 cum
465 1003 566 1048 aliis,
591 1009 635 1039 ut
657 1003 882 1039 curionibus
906 1003 1123 1051 spiritualia
1146 1004 1336 1040 exercitia
1357 1004 1843 1042 tradantur.-Candidati

274 1064 405 1110 plures
424 1062 609 1099 Societati
627 1074 670 1098 se
688 1062 1087 1100 dant.—Animorum
1104 1063 1255 1100 fructus
1285 1063 1418 1112 piique
1447 1075 1588 1100 sensus
1617 1063 1726 1101 feriis
1750 1066 1841 1101 bac—

279 1122 524 1159 chanalibus.

1005 1223 1029 1258 †

972 1261 1057 1318 Jhs

298 1371 458 1416 Gratia
473 1378 519 1415 et
539 1387 626 1428 pax
642 1370 720 1415 X.i
744 1371 854 1416 R.de
875 1371 920 1414 in
950 1373 1037 1416 Χ.ο
1060 1374 1212 1415 Pater.
1239 1373 1404 1417 Paucis
1426 1374 1706 1419 conscribam
1727 1389 1845 1432 quo-

200 1449 353 1502 modo,
377 1450 464 1492 hoc
486 1462 642 1492 mense
656 1448 876 1507 Januarii,
902 1463 975 1494 res
997 1456 1178 1493 nostrae
1199 1463 1299 1494 sese
1326 1450 1543 1495 Coloniae
1563 1452 1838 1506 habuerunt,

207 1540 512 1584 rogamusque
534 1525 715 1579 obnixe,
734 1534 785 1569 vt
801 1541 975 1580 omnes,
996 1533 1220 1584 quotquot
1240 1528 1352 1571 haec
1373 1527 1541 1585 scripta
1557 1529 1752 1586 legerint
1767 1533 1843 1577 vel

202 1602 443 1655 audierint,
469 1602 688 1648 Coloniae
720 1610 874 1648 nostre
896 1618 1123 1649 memores
1152 1619 1253 1649 esse
1283 1604 1425 1649 velint
1456 1606 1577 1662 apud
1609 1607 1843 1653 dominum

153 1702 158 1703 ⁷
193 1682 354 1739 Jesum
375 1681 502 1733 X.m,
526 1687 576 1723 vt
597 1681 699 1737 plus
728 1681 904 1724 fructus
925 1680 972 1723 in
1000 1681 1096 1725 dies
1122 1682 1299 1725 adferre
1327 1682 1559 1726 valeamus
1585 1683 1629 1726 in
1659 1685 1840 1730 laudem

202 1764 249 1802 et
270 1756 460 1814 gloria'm
479 1756 834 1802 benedictissimi
855 1756 1050 1801 nominis
1072 1757 1182 1812 X.i;
1213 1759 1406 1802 multum
1429 1759 1549 1804 enim
1571 1761 1840 1806 confidimus

200 1833 249 1877 in
269 1833 636 1878 charissimorum
659 1841 918 1878 nostrorum
939 1835 1130 1879 fratrum
1152 1835 1377 1892 precibus.

290 1911 386 1954 Nos
408 1910 626 1955 Coloniae
642 1910 831 1968 pacifice
847 1906 1084 1956 manemu's
1099 1926 1287 1968 corpore
1310 1912 1408 1956 sani
1430 1920 1476 1957 et
1504 1921 1658 1959 mente
1681 1915 1728 1958 in
1755 1917 1839 1960 do-

201 1987 324 2030 mino
339 1989 466 2046 Jesu,
492 2001 572 2044 spe
592 1988 712 2031 bona
732 1987 913 2044 collegii
933 1989 1082 2032 adhuc
1113 1989 1268 2032 futuri.
1295 1990 1429 2034 Multi
1461 1990 1580 2034 enim
1603 1991 1667 2035 nil
1698 2007 1840 2050 cupe-

200 2071 303 2108 rent
318 2065 480 2122 magis,
505 2079 640 2121 quam
660 2064 735 2108 hic
752 2065 968 2109 Coloniae
984 2065 1227 2123 collegium
1245 2067 1486 2112 Societatis
1507 2068 1678 2123 videre,
1690 2077 1840 2126 'quare

199 2141 471 2198 quibusdam
492 2141 646 2185 amicis
678 2141 934 2195 Societatis,
969 2149 1019 2184 vt
1040 2141 1150 2186 R.d0
1172 2145 1291 2187 Dno.
1326 2135 1568 2201 Gruppero
1596 2146 1612 2167 ²
1642 2153 1688 2191 et
1719 2147 1834 2199 aliis,

200 2218 380 2263 videtur
401 2220 588 2271 bonum,
612 2218 703 2262 imo
725 2218 961 2275 optimum,
983 2226 1032 2263 vt
1049 2219 1094 2262 in
1110 2219 1261 2276 aliqua
1276 2228 1404 2277 parte
1424 2221 1562 2265 huius
1583 2223 1803 2268 dioecesis
1821 2225 1836 2246 ⁵

198 2295 445 2352 inciperem
475 2310 614 2353 agere
653 2310 758 2339 cum
789 2295 1067 2352 pastoribus,
1102 2298 1159 2340 ad
1196 2298 1382 2342 meliora
1420 2312 1498 2342 eos
1530 2301 1833 2354 exhortando,

199 2373 349 2416 dando
370 2372 479 2429 ipsis
501 2373 636 2416 etiam
659 2373 809 2429 aliqua
830 2373 1045 2418 exercitia
1068 2374 1332 2431 spiritualia,
1352 2375 1391 2419 si
1408 2376 1621 2432 expedire
1637 2376 1832 2431 videtur,

199 2449 334 2492 simul
360 2449 496 2493 etiam
528 2451 705 2494 scholas
734 2450 833 2494 siue
864 2450 1015 2494 studia
1046 2465 1292 2508 puerorum
1323 2453 1626 2506 reformando,
1658 2454 1715 2497 ad
1746 2468 1835 2509 que

200 2528 460 2584 peragenda
480 2527 564 2584 ipsi
588 2527 696 2571 mihi
716 2528 878 2573 darent
894 2528 1048 2573 literas
1064 2529 1345 2573 auctoritatis
1363 2544 1416 2573 ac
1432 2530 1835 2574 commendationis

131 2608 133 2611 '
198 2604 258 2647 ad
285 2618 379 2659 eos,
411 2604 489 2661 qui
519 2594 605 2648 sub
637 2619 794 2648 eorum
826 2604 1136 2649 iurisdictione
1167 2613 1290 2659 sunt,
1326 2607 1403 2663 qui
1431 2622 1523 2650 non
1554 2621 1695 2664 paruo
1726 2614 1835 2650 sunt

202 2694 406 2734 numero;
431 2688 594 2737 putant
614 2682 734 2726 enim
757 2682 879 2738 quod
911 2682 1108 2725 fructum
1138 2697 1357 2740 magnum
1390 2685 1650 2728 faceremus.
1683 2685 1833 2739 Quem

202 2756 401 2800 fructum
422 2757 629 2803 videntes
651 2759 948 2816 colonienses,
970 2756 1147 2803 facilius
1164 2759 1300 2804 etiam
1325 2760 1514 2804 Colonie
1535 2759 1710 2803 admitti
1726 2774 1832 2816 pos-

273 2899 285 2920 ¹
336 2900 394 2935 Ex
412 2902 652 2948 autographo
669 2902 710 2938 in
728 2903 806 2938 vol.
827 2903 873 2948 E,
892 2901 1134 2949 sesquifolio,
1153 2914 1193 2938 n.
1216 2902 1295 2945 116,
1315 2903 1422 2949 prius
1447 2901 1512 2937 231
1540 2907 1580 2937 et
1604 2901 1723 2937 etiam
1746 2900 1830 2948 235.

201 2959 357 2996 ——Usus
373 2964 435 2995 est
450 2961 522 2996 hac
540 2961 705 3007 epistola
722 2962 964 3007 POLANCUS,
984 2966 1018 2997 t.
1041 2969 1097 3007 1v,
1116 2973 1209 3008 pag.
1234 2969 1406 3006 27o·272,
1426 2973 1466 2997 n.
1485 2961 1659 3006 582-585.

274 3021 290 3042 ²
339 3020 413 3055 Dr.
436 3020 607 3065 Joannes
625 3020 849 3068 Gropperus
867 3021 1090 3068 (Gropper)‚
1118 3020 1296 3057 laudatus
1315 3032 1432 3067 saepe
1451 3020 1659 3056 Societatis
1681 3019 1829 3057 fautor.

277 3080 292 3100 ⁵
340 3079 413 3115 Ms.
433 3079 637 3116 diocaesis.
