2060 3450
308 248 377 294 530
615 259 618 261 ’
804 248 1043 284 EP1STOLAE
1067 247 1354 293 Minuit-928

256 351 333 394 del
354 349 549 407 Signore
571 364 663 394 non
685 350 898 394 amalato.
924 349 1055 393 Dello
1084 348 1245 405 spiritu
1272 356 1343 393 sta
1373 351 1512 394 molto
1539 349 1672 403 bene,
1703 356 1749 394 et
1775 351 1892 394 s’es·

256 427 423 472 sercita
449 426 496 470 in
524 428 785 472 confessare
818 433 865 470 et
891 427 1080 483 leggere
1108 440 1198 469 una
1225 426 1414 471 lettione
1434 426 1481 470 di
1508 426 1802 484 grammatica
1832 427 1890 470 ad

256 503 410 548 alcuni
432 503 609 557 fratelli,
635 511 681 549 et
702 519 793 548 non
814 503 965 547 studia
985 503 1118 556 altro,
1136 517 1187 547 se
1208 517 1301 546 non
1317 505 1402 547 che
1418 503 1485 547 sia
1501 504 1693 559 qualche
1708 518 1814 547 cosa
1830 504 1888 548 de

253 580 351 625 casi
380 582 438 626 de
465 581 766 634 conscientia,
801 581 982 637 quando
1011 580 1193 624 accade.
1225 580 1261 623 Il
1292 581 1346 624 P.
1378 582 1439 625 M.
1471 580 1576 625 Gio.
1611 580 1804 624 Battista
1829 581 1888 623 da

256 659 293 702 F
295 673 419 703 ermo
445 660 455 680 ¹
479 657 580 701 dice
602 672 774 702 esserse
797 663 975 701 trouato
990 656 1240 713 indisposto
1257 657 1330 701 del
1345 671 1475 714 capo,
1490 658 1643 714 doppo
1664 658 1735 700 ch'
1754 663 1825 701 sta
1840 656 1888 701 in

254 736 293 779 F
296 735 461 779 irenze:
487 735 559 779 del
581 741 701 779 resto
724 749 831 791 pare
852 741 946 777 star
966 732 1083 777 assai
1103 734 1221 777 bene
1241 734 1315 779 del
1344 748 1481 791 corpo
1490 747 1503 788 ¹;
1527 741 1574 778 et
1593 734 1712 778 dello
1732 733 1889 790 spirito

254 814 471 867 anchora,
493 813 669 855 benche
691 812 884 868 qualche
905 811 1029 854 uolta
1049 824 1157 867 pare
1178 810 1323 854 amico
1344 812 1418 856 del
1438 826 1523 855 suo
1544 825 1717 867 parere,
1737 818 1782 855 et
1798 825 1891 854 non

258 895 422 946 troppo
444 888 664 945 diligente
686 886 1038 942 all'obedientia;
1063 902 1136 931 ma
1157 902 1250 931 non
1271 902 1478 945 repugna
1504 888 1551 931 in
1574 902 1694 941 cosa,
1727 888 1798 931 ch'
1826 887 1893 932 sia

253 972 616 1022 espressamente
638 964 926 1022 ordinatagli.
953 965 1180 1021 S’occupa
1200 964 1248 1008 in
1269 965 1410 1009 sentir
1437 964 1733 1019 confessioni,
1759 971 1804 1010 et
1826 965 1894 1008 far

259 1057 320 1085 un
344 1042 726 1099 raggionamento
755 1041 987 1098 spirituale
1014 1042 1056 1084 le
1086 1041 1199 1084 feste
1227 1041 1343 1086 nella
1367 1049 1522 1085 nostra
1549 1041 1717 1086 chiesia
1743 1042 1893 1098 doppo

254 1118 481 1172 desinare,
507 1125 553 1162 et
575 1118 622 1161 in
645 1119 795 1174 quello
817 1117 982 1172 studia3
1007 1118 1123 1162 altro
1145 1132 1237 1161 non
1259 1118 1407 1162 studia
1423 1133 1504 1175 per
1521 1119 1696 1172 adesso,
1716 1119 1893 1163 benche

256 1195 477 1252 zoppicha
498 1196 677 1252 qualch’
703 1196 827 1239 uolta
847 1196 923 1240 nel
938 1196 1085 1252 parlar
1101 1195 1257 1248 latino,
1277 1195 1487 1239 massime
1509 1195 1740 1240 recitando
1761 1195 1893 1251 qual-

258 1274 345 1316 che
367 1272 592 1317 sententia
613 1272 766 1316 latina.
799 1275 875 1317 Ma
895 1274 954 1316 ha
980 1272 1097 1317 assai
1125 1272 1375 1326 auditorio,
1407 1273 1616 1317 massime
1644 1275 1700 1317 de
1720 1273 1888 1318 donne.

349 1350 384 1393 Il
406 1352 459 1393 P.
486 1351 548 1394 M.
573 1349 826 1394 Domenico
848 1357 919 1393 sta
939 1350 1056 1394 bene
1077 1350 1150 1393 del
1172 1364 1310 1406 corpo
1329 1357 1374 1394 et
1396 1351 1514 1394 dello
1536 1349 1710 1406 spirito,
1730 1357 1776 1395 et
1793 1350 1836 1394 fa
1850 1351 1894 1394 la

259 1427 459 1470 seconda
482 1428 625 1470 classe
646 1427 842 1483 legendo
870 1426 1090 1471 Cicerone
1117 1433 1163 1470 et
1190 1426 1404 1484 Virgilio:
1436 1429 1495 1470 ha
1522 1440 1653 1470 cerca
1681 1438 1736 1482 27
1758 1429 1896 1471 scho-

260 1503 358 1547 lari.
387 1504 549 1561 Legge
577 1505 775 1547 anchora
803 1518 894 1547 una
915 1503 1102 1548 lettione
1122 1503 1168 1546 di
1190 1517 1328 1561 greco
1355 1504 1398 1547 al
1426 1505 1600 1548 fratello
1632 1506 1695 1548 M.
1731 1504 1892 1558 Lione,

260 1587 308 1625 et
343 1580 493 1624 studia
529 1582 674 1637 poche
712 1581 836 1625 uolte
872 1580 978 1624 nelli
1007 1580 1099 1624 casi
1126 1579 1172 1623 di
1200 1580 1491 1635 conscientia,
1526 1583 1681 1638 perch’
1715 1596 1807 1625 non
1837 1583 1896 1625 ha

262 1663 430 1714 tempo.

350 1734 385 1777 Il
409 1735 582 1778 fratello
604 1736 666 1778 M.
694 1734 837 1778 Lione
859 1734 873 1755 ²
897 1740 967 1776 sta
982 1734 1099 1778 bene
1116 1734 1189 1778 del
1206 1748 1361 1790 corpo,
1380 1735 1547 1779 bench'
1566 1735 1745 1791 qualch'
1771 1735 1894 1778 uolta

260 1810 293 1853 il
314 1817 489 1854 catarro
511 1810 575 1867 gli
596 1811 655 1853 da
676 1810 870 1854 fastidio.
896 1811 977 1855 Sta
997 1811 1114 1855 bene
1135 1811 1254 1855 dello
1275 1810 1447 1867 spirito,
1483 1818 1529 1854 et
1549 1812 1575 1854 0
1602 1812 1741 1855 molto
1763 1811 1895 1856 edifi-

257 1886 436 1940 catiuo,
473 1894 518 1931 et
547 1886 611 1944 gli
641 1886 857 1943 uogliono
884 1888 1001 1931 bene
1029 1886 1094 1944 gli
1124 1887 1223 1931 suoi
1249 1887 1463 1941 scholari,
1489 1887 1586 1931 cioe
1613 1889 1730 1932 della
1751 1887 1895 1944 prima

269 1965 430 2016 classe,
457 1965 576 2009 doue
597 1964 734 2021 legge
751 1963 973 2008 rhetorica
989 1970 1035 2008 et
1052 1978 1141 2008 una
1159 1963 1361 2007 oratione
1377 1963 1423 2006 di
1441 1964 1676 2019 Cicerone,
1695 1971 1742 2009 et
1757 1964 1803 2007 di
1818 1964 1897 2022 piu

266 2041 419 2084 studia
444 2056 504 2084 un
526 2055 640 2097 poco
661 2040 706 2083 di
728 2054 881 2097 greco.

357 2120 421 2162 M.
449 2119 593 2162 Paulo
621 2124 691 2161 sta
722 2117 839 2161 assai
866 2118 983 2160 bene
1010 2117 1083 2160 del
1110 2132 1268 2174 corpo,
1302 2124 1348 2162 et
1374 2118 1492 2161 dello
1513 2117 1669 2174 spirito
1694 2119 1803 2174 pare
1823 2119 1895 2161 ch'

260 2195 402 2239 uadia
423 2196 556 2250 bene;
582 2210 656 2239 ma
678 2209 784 2252 pare
805 2194 945 2237 molto
964 2194 1244 2239 affettionato
1261 2202 1306 2238 et
1327 2194 1514 2239 solecito
1535 2209 1562 2238 3
1583 2194 1798 2239 studiare.
1824 2195 1899 2238 Ha

266 2273 379 2316 fatto
402 2273 466 2329 gli
488 2272 588 2316 suoi
610 2271 706 2316 uoti
729 2279 890 2327 questo
910 2272 1074 2315 natale.
1101 2272 1167 2315 Fa
1187 2272 1230 2315 13
1253 2279 1375 2316 terza
1391 2273 1550 2325 classe,
1575 2279 1621 2315 et
1641 2271 1834 2328 insegna
1855 2272 1897 2315 le

264 2349 588 2394 concordantie
620 2356 666 2394 et
694 2348 1015 2405 Despauterio,
1048 2355 1094 2392 et
1123 2350 1300 2405 qualch’
1340 2349 1528 2406 epistola
1565 2349 1696 2393 facile
1727 2350 1782 2392 de
1815 2348 1895 2393 Ci—

262 2441 444 2471 cerone.

355 2505 416 2547 M.
445 2505 631 2547 Marcho
654 2504 698 2547 fa
713 2504 742 2545 l’
767 2502 923 2546 infima
943 2504 1102 2556 classe,
1127 2510 1173 2547 et
1195 2503 1365 2560 impara
1386 2503 1450 2560 gli
1469 2503 1598 2560 primi
1620 2503 1823 2560 principij
1848 2502 1895 2546 di

262 2580 577 2637 grammatica,
602 2596 682 2637 per
708 2587 837 2636 poter
864 2580 942 2636 piu
972 2580 1228 2624 facilmente
1256 2581 1338 2623 far'
1368 2582 1493 2625 detta
1520 2581 1679 2624 classe.
1711 2580 1798 2624 Lui
1827 2587 1898 2624 sta

262 2657 384 2702 bene
401 2658 474 2701 del
491 2671 628 2714 corpo
645 2664 691 2702 et
707 2657 981 2711 dell'anima3
1001 2664 1047 2701 et
1063 2657 1460 2702 medesimamente
1478 2660 1538 2702 M.
1562 2658 1896 2710 Bartholomeo,

264 2734 487 2778 todescho
511 2736 543 2787 ³,
570 2734 601 2777 il
622 2735 754 2790 quale
776 2734 926 2777 studia
947 2735 1064 2779 bene
1086 2741 1132 2778 et
1155 2735 1200 2777 fa
1223 2735 1363 2778 frutto
1384 2735 1500 2779 nelle
1517 2736 1690 2779 lettere.

342 2872 352 2892 ¹
405 2872 579 2916 Joannes
598 2872 684 2906 Bta.
705 2869 929 2915 Firminius‚
949 2874 1111 2906 vocatur
1128 2881 1150 2905 a
1167 2869 1347 2906 Polanco.

337 2930 351 2951 ²
405 2931 486 2966 Leo
518 2930 640 2966 Lilius
671 2929 851 2974 (Gig1i0)‚
870 2929 936 2976 qui
963 2930 1293 2974 Quadrimestres
1322 2930 1478 2976 collegii
1506 2929 1701 2966 florentini
1730 2930 1901 2966 Litteras

264 2989 444 3025 scribere
464 2991 632 3026 solebat.

339 3050 353 3070 ³
406 3051 726 3085 Bartholomaeus
744 3047 907 3094 Bedula,
926 3048 1135 3085 helvetius.
1155 3049 1372 3096 POLANCO,
1391 3053 1420 3085 t.
1439 3057 1480 3094 v,
1498 3060 1586 3096 pag.
1606 3048 1666 3095 98,
1685 3061 1723 3085 n.
1743 3049 1826 3085 262.
