2060 3432
309 223 379 269 858
793 225 1033 263 EplsTOLAE
1058 223 1372 271 Munus—1034

261 324 364 370 liter
381 325 563 371 domina
578 334 732 371 nostra
749 341 853 371 cum
870 326 1053 370 domino
1069 326 1244 371 decano
1259 341 1396 383 super
1411 341 1481 381 ea,
1501 327 1558 371 de
1575 327 1741 384 quibus
1759 329 1816 373 V.
1839 330 1897 373 F.

263 401 491 459 petierunt
512 403 750 447 consilium
774 404 838 462 (vt
859 403 968 446 mihi
991 402 1176 460 retulit).

351 481 422 523 De
442 479 609 524 nostris
629 489 783 526 autern
805 480 1001 537 negotiis
1022 482 1136 524 haec
1152 481 1333 525 habeto:
1353 480 1595 526 Dominam
1615 482 1895 527 Hoechstra-

264 564 415 600 tanam
436 557 553 602 bene
574 558 793 614 proficere
813 557 859 600 in
882 557 1058 614 spiritu;
1084 557 1236 614 plures
1258 557 1477 601 nobilium
1494 559 1581 602 hoc
1600 558 1715 603 festo
1732 559 1898 604 iterum

264 633 596 679 confessionem
619 635 838 688 fecerunt;
864 634 961 690 ipsa
982 633 1102 678 enim
1124 633 1304 679 domina
1331 642 1487 679 nostra
1508 635 1638 678 valde
1659 635 1753 679 sitit
1773 637 1894 680 salu-

266 718 356 755 tern
378 711 660 755 subditorum
683 719 728 757 et
750 711 980 768 pietatem;
1005 711 1081 754 vix
1104 711 1239 755 etiam
1260 711 1459 756 enarrari
1487 719 1639 769 posset
1660 720 1830 768 quanta
1849 713 1899 756 in

263 789 480 845 populum
495 796 692 845 praestet
705 788 937 832 charitatis
952 794 998 833 et
1011 788 1344 834 misericordiae
1357 803 1508 846 opera;
1523 804 1660 846 supra
1676 789 1863 833 modum
1883 792 1894 812 ¹

263 866 436 909 exultat
458 865 684 911 audiendo
707 867 798 921 freq
807 865 1006 910 ueritiam
1029 866 1343 911 confitentium
1371 873 1418 910 et
1445 866 1898 910 communicantium.

353 943 454 999 Ipso
474 942 548 987 die
570 942 819 986 natiuitatis
842 942 1011 987 Mariae
1027 942 1279 999 incepimus
1295 943 1556 987 solemniter
1572 958 1799 1007 exponere
1815 958 1900 988 ve-

264 1020 463 1063 nerabile
499 1026 833 1065 sacramentum
870 1035 995 1065 more
1031 1020 1298 1074 louaniensi‚
1339 1020 1431 1064 imo
1468 1021 1612 1064 multo
1649 1020 1903 1065 solemnius

264 1104 545 1141 exornatum.
569 1098 791 1141 Putabam
813 1112 885 1141 me
901 1097 1056 1142 videre
1078 1097 1299 1143 israelitas
1316 1104 1550 1155 portantes
1566 1098 1764 1151 inaures,
1785 1104 1894 1153 etc.,

263 1175 321 1217 ad
341 1175 498 1219 Aaron
519 1189 601 1231 pro
623 1174 766 1219 vitulo
788 1176 820 1228 ²,
842 1176 1022 1231 quando
1041 1176 1382 1220 tabernaculum
1398 1175 1602 1232 ligneum
1624 1175 1698 1220 die
1718 1175 1902 1219 veneris

262 1252 527 1308 portabatur
563 1253 620 1295 ad
657 1258 856 1296 castrum
893 1253 950 1296 ad
986 1253 1315 1306 exornandum,
1354 1252 1401 1296 in
1438 1267 1529 1308 quo
1567 1259 1707 1296 staret
1743 1266 1896 1297 sacra-

262 1338 482 1383 mentum;
514 1329 576 1373 ita
603 1344 762 1374 omnes
791 1344 973 1382 aurum,
1010 1336 1273 1386 argentum,
1313 1329 1617 1373 holozericum
1631 1363 1641 1382 ,
1681 1328 1900 1385 quicquid

263 1405 514 1462 splendoris
536 1407 781 1461 habebant,
807 1407 1058 1450 attulerunt
1078 1421 1222 1462 vsque
1244 1407 1301 1450 ad
1316 1413 1420 1450 octo
1442 1413 1520 1450 aut
1537 1421 1703 1450 nouem
1720 1405 1901 1451 nobiles

262 1483 522 1537 donicellas3
547 1485 767 1528 adderant
788 1485 906 1530 duae
928 1491 1006 1528 aut
1028 1491 1120 1529 tres
1147 1485 1367 1529 habentes
1395 1491 1537 1528 artem
1566 1483 1772 1528 ornandi:
1797 1497 1893 1527 mo—

262 1561 348 1603 dus
370 1567 440 1605 est
456 1562 706 1604 secundum
724 1563 827 1615 hoc,
849 1562 970 1618 quod
985 1562 1179 1605 habetur
1195 1562 1253 1604 ad
1269 1562 1318 1607 S.
1337 1562 1575 1619 Jacobum.
1597 1562 1727 1605 Haec
1744 1559 1896 1604 omnia

262 1638 487 1682 debebant
514 1638 660 1694 parari
687 1638 733 1681 in
761 1647 1009 1694 conspectu
1037 1638 1260 1691 dominae,
1295 1637 1343 1681 in
1371 1653 1462 1694 quo
1490 1645 1710 1695 quantum
1739 1636 1897 1695 gaudii

262 1715 475 1768 ostendit,
489 1730 578 1758 non
599 1721 776 1771 possem
794 1715 960 1771 eloqui.
978 1715 1148 1759 Attulit
1165 1730 1367 1772 pannum
1383 1730 1571 1769 nouum,
1586 1730 1642 1759 ex
1656 1729 1770 1771 puro
1784 1729 1896 1758 auro

261 1792 536 1846 confectum,
560 1792 617 1835 de
639 1806 728 1847 quo
749 1793 854 1835 vlna
879 1793 941 1850 (vt
963 1791 1074 1835 dixit
1096 1791 1205 1834 mihi
1227 1791 1437 1836 dominus
1454 1791 1669 1848 decanus)
1692 1790 1899 1835 constitit

262 1869 562 1926 quadraginta
582 1871 792 1923 florenos;
818 1869 970 1913 attulit
1000 1870 1056 1912 ad
1086 1871 1198 1913 haec
1226 1868 1529 1926 pulcherrima
1555 1868 1653 1926 pira
1680 1870 1898 1912 deaurata

262 1952 308 1989 et
327 1946 484 2003 pilium
507 1962 646 1990 vnum
669 1947 800 1990 valde
823 1946 1075 2003 preciosum
1097 1952 1143 1989 et
1159 1947 1346 2003 pulchre
1365 1953 1645 1999 contextum,
1667 1945 1894 2002 quodiam

263 2023 464 2068 seruauit
484 2038 566 2080 pro
588 2039 636 2067 re
658 2023 919 2067 charissima
941 2023 1175 2080 octoginta
1202 2038 1345 2067 annos
1377 2024 1440 2081 (vt
1466 2023 1561 2079 ipsa
1584 2022 1695 2066 mihi
1716 2022 1843 2079 dixit)
1867 2037 1893 2065 a

263 2107 465 2157 ternpore
485 2100 781 2157 baptismatis,
807 2101 929 2156 quod
951 2100 1038 2144 iam
1066 2100 1218 2144 attulit
1243 2115 1326 2157 pro
1354 2107 1652 2144 sacramento.
1680 2099 1899 2145 Similiter

263 2191 319 2220 ex
351 2192 484 2231 auro,
519 2184 710 2234 argento
741 2185 786 2222 et
813 2177 1068 2222 holozerico
1096 2177 1274 2222 diversa
1302 2185 1578 2234 parauerunt
1608 2184 1891 2230 ornamenta,

263 2268 379 2310 quae
395 2255 658 2311 dependunt
675 2269 700 2297 a
718 2255 900 2310 capsula
918 2254 1204 2307 sacramenti,
1219 2255 1401 2310 quando
1418 2253 1660 2310 exponitur
1677 2260 1723 2298 et
1738 2261 1894 2310 porta-

263 2339 336 2374 tur
357 2332 415 2374 ad
435 2331 653 2384 infirmos,
679 2330 797 2374 sicut
819 2332 870 2374 fit
892 2332 1012 2387 apud
1034 2346 1114 2374 vos
1137 2332 1240 2388 (van
1262 2330 1335 2374 die
1357 2332 1595 2385 roeckens,
1621 2329 1693 2374 die
1715 2344 1801 2374 aen
1821 2330 1897 2373 die

261 2408 464 2452 saboriae
484 2408 732 2465 hanghen).
760 2409 927 2451 Totum
957 2423 1137 2465 quoque
1164 2409 1305 2453 altare
1333 2415 1596 2452 renouatur:
1622 2413 1783 2464 parant
1809 2421 1892 2450 no-

265 2499 344 2528 uas
370 2485 589 2538 cortinas,
621 2499 741 2528 noua
768 2484 1040 2530 vestimenta
1068 2492 1173 2530 ante
1200 2486 1342 2530 altare
1368 2486 1474 2529 cum'
1501 2484 1630 2541 copia
1651 2484 1891 2528 luminum.

263 2564 343 2605 Est
362 2577 452 2606 vna
474 2562 636 2606 nobilis
659 2568 704 2607 et
722 2561 852 2605 diues
882 2562 1035 2614 vidua,
1068 2569 1212 2607 mater
1233 2561 1433 2619 supremi
1461 2561 1597 2605 huius
1629 2561 1827 2605 ciuitatis
1847 2560 1894 2604 in

260 2639 457 2696 negotiis
479 2638 649 2682 domini
672 2639 704 2691 ⁵,
730 2653 846 2694 quae
869 2646 1045 2682 tantum
1068 2645 1265 2695 praestat
1286 2638 1485 2692 luminis,
1510 2645 1731 2694 quantum
1752 2637 1896 2682 velint

261 2731 500 2773 apponere.
525 2717 591 2759 Ex
607 2715 693 2768 his,
716 2718 866 2770 Pater,
886 2717 1098 2760 affectum
1116 2715 1331 2772 colligere
1346 2714 1512 2772 possis,
1531 2715 1626 2771 jam
1643 2716 1729 2758 hec
1747 2728 1893 2770 quan-

262 2799 358 2835 tum
385 2792 695 2836 admirationis
722 2793 932 2836 adferunt
965 2791 1012 2835 in
1040 2792 1272 2849 populum.
1304 2792 1450 2837 Valde
1483 2791 1589 2835 hinc
1623 2790 1889 2836 aedificatur

334 2919 344 2939 ¹
396 2917 469 2952 Ms.
485 2919 603 2954 modo

330 2979 344 2998 2
395 2977 529 3013 Exoo.
550 2986 680 3020 xxxn,
702 2985 737 3021 2,
756 2976 791 3013 3.

333 3036 347 3057 ⁵
397 3036 470 3072 Ms.
489 3037 690 3072 dominae.
