2014 3470
735 258 777 295 31
806 258 1023 297 Ocromus
1051 267 1143 305 1554
1639 272 1708 308 427

122 363 419 420 accoglenza,
453 370 499 406 et
530 378 758 419 promesse
791 371 911 408 tutto
942 363 1094 421 quello
1124 366 1211 409 che
1242 365 1391 422 potria
1415 366 1520 411 ¹fare
1550 381 1684 410 uerso
1718 367 1761 410 la

125 439 424 497 Compagnia.
451 439 643 484 Predico
671 456 775 485 esso
805 441 952 485 Padre
973 441 1050 485 nel
1079 441 1231 495 domo,
1254 457 1347 485 non
1370 456 1458 486 con
1480 442 1655 487 minore
1678 444 1763 487 ad-

126 517 362 563 miratione
373 519 457 562 che
472 518 627 560 srutto.
646 517 929 563 Similmente
941 532 1108 562 ancora
1123 516 1155 560 il
1171 517 1329 575 signor
1342 518 1512 562 vicario
1534 520 1545 540 ¹
1567 520 1766 564 tuttauia

126 595 205 653 piu
225 595 263 639 si
285 594 484 651 stupisce
506 595 626 639 della
643 594 942 652 Compagnia,
963 600 1010 639 et
1026 609 1121 638 non
1137 609 1269 639 cerea
1285 595 1418 648 altro,
1444 603 1621 639 eccetto
1636 611 1766 640 com-

91 680 93 682 '
125 672 294 716 modita
315 671 361 715 di
383 671 604 728 giouarla.
630 672 671 714 11·
687 679 846 716 senato
863 686 1028 715 ancora
1043 678 1090 716 et
1111 671 1218 715 tutti
1239 671 1270 714 li
1293 672 1397 716 altri
1418 673 1552 717 amici
1568 674 1709 717 molto
1727 673 1767 716 si

107 746 326 806 ‘dolgono
348 749 465 792 della
482 762 595 804 poca
611 763 720 792 cura
737 750 822 793 che
838 749 930 792 fino
947 749 1108 793 adesso
1124 750 1280 793 hanno
1297 751 1471 793 hauuto
1489 750 1608 794 della
1624 751 1764 794 Com-

124 825 307 883 pagnia,
333 833 379 868 et
400 827 485 868 che
507 832 635 868 tanto
661 826 779 869 bene
806 839 897 868 non
925 827 1018 869 han
1045 825 1359 883 cognosciuto.
1387 827 1462 870 Ha
1490 826 1699 870 rescritto
1722 828 1767 870 la

123 903 233 946 citta
254 904 296 945 al
321 905 450 946 Rmo.
475 909 521 945 et
544 902 688 947 Illrno.
708 902 935 947 cardinale
951 903 966 924 ²
986 917 1120 960 sopra
1135 903 1209 947 del
1226 904 1524 947 fundamento
1538 903 1584 946 di
1601 911 1769 959 questo

125 979 334 1036 collegio,
360 979 485 1022 accio
506 978 537 1021 li
559 980 760 1035 proueda
780 978 826 1022 di
847 986 1048 1034 entrata,-
1066 986 1112 1024 et
1142 980 1292 1037 questi
1322 980 1471 1037 giorni
1494 980 1666 1037 passati
1690 982 1764 1024 fu-

128 1071 240 1100 rono
269 1055 496 1113 designati
526 1057 569 1099 al
597 1056 790 1113 collegio
811 1057 1003 1112 qualche
1023 1071 1197 1100 somma
1217 1072 1306 1101 non
1330 1072 1444 1114 poca
1466 1058 1525 1102 de
1546 1058 1704 1102 denari
1728 1059 1764 1101 ⁵.

129 1133 267 1179 Siche.
285 1148 394 1190 pare
416 1135 500 1177 che
522 1132 553 1175 il
575 1132 760 1189 Signor,
785 1147 913 1178 come
934 1134 960 1177 e
983 1148 1107 1186 uero,
1133 1149 1213 1190 per
1233 1133 1382 1178 insino
1410 1135 1572 1179 adesso
1598 1134 1767 1178 habbia

129 1225 359 1267 permesso
381 1209 412 1252 li
437 1209 784 1253 contradictioni
805 1225 886 1266 per
912 1211 1136 1266 prouarci,
1165 1210 1291 1255 accio
1319 1212 1377 1254 da
1405 1211 1478 1268 poi
1507 1211 1586 1267 piu
1609 1210 1769 1254 ridon-

128 1287 248 1331 dassi
269 1287 317 1330 in
338 1286 482 1344 gloria
503 1301 586 1332 sua
608 1293 654 1330 et
675 1286 723 1329 in
740 1286 887 1329 utilita
909 1287 983 1331 del
1003 1287 1224 1343 proximo:
1250 1287 1335 1344 ipsi
1357 1288 1502 1345 gloria
1522 1287 1570 1331 in
1591 1289 1765 1332 secula.

128 1366 306 1421 Questo
327 1365 369 1416 e,
395 1364 508 1407 Rdo.
538 1364 702 1416 Padre,
726 1364 878 1419 quello
899 1365 984 1407 che
1011 1363 1160 1420 questi
1183 1371 1367 1420 quattro
1390 1364 1503 1409 mesi
1525 1365 1692 1421 passati
1717 1364 1765 1408 in

126 1442 382 1486 uniuersale
399 1441 437 1484 si
455 1442 481 1484 e
499 1442 626 1485 fatto.
646 1442 754 1485 Non
770 1448 890 1485 resta
906 1441 1038 1495 altro,
1052 1440 1090 1484 si
1107 1455 1199 1484 non
1214 1442 1577 1486 raccomandarci
1594 1442 1765 1485 humil-

124 1518 265 1562 menti
287 1519 374 1563 alle
395 1517 513 1561 santi
535 1516 741 1574 sacrificij
766 1525 812 1563 et
834 1517 1027 1561 orationi
1048 1517 1094 1561 di
1122 1519 1180 1562 V.
1207 1520 1260 1562 Ρ.
1287 1525 1334 1562 et
1355 1519 1400 1562 di
1430 1519 1537 1562 tutti
1561 1519 1697 1563 Padri
1720 1519 1767 1562 di

124 1596 285 1638 Roma.
311 1594 370 1638 Di
395 1594 628 1651 Peruggia
649 1610 676 1638 a
696 1595 726 1637 1’
751 1594 910 1638 ultimo
931 1595 976 1637 d’
998 1595 1196 1639 Ottobre
1219 1606 1346 1651 1554.
1373 1598 1431 1639 D.
1459 1597 1516 1640 V.
1546 1598 1598 1640 Ρ.
1624 1611 1764 1640 seruo

127 1670 175 1714 in
196 1671 380 1716 Christo
403 1671 581 1725 inutile,

141 1803 146 1808 ι
377 1769 381 1771 -
1036 1750 1243 1794 EMONDO
1276 1751 1522 1794 AUGERIO.

218 1825 479 1881 Inscriptio:
500 1824 530 1882 †
552 1825 613 1868 Al
629 1825 767 1868 molto
785 1826 900 1869 Rdo.
918 1825 963 1869 in
981 1825 1165 1870 Christo
1188 1827 1351 1880 Padre,
1371 1826 1411 1885 1-1ν
1420 1829 1469 1870 Ρ.
1495 1828 1557 1870 M.
1585 1827 1770 1883 Ignatio

125 1900 183 1944 de
204 1901 392 1957 Loyola‚
411 1901 641 1958 preposito
659 1903 871 1959 generale
888 1903 1007 1947 della
1022 1903 1306 1961 Compagnia
1322 1905 1380 1948 de
1389 1905 1518 1962 Jesu,
1538 1903 1585 1947 in
1602 1905 1764 1947 Roma.

214 1978 323 2020 Alia
344 1993 505 2021 manu:
528 1979 701 2035 Quadr.

196 2139 207 2160 ¹
258 2138 412 2174 Marcus
434 2138 629 2174 Antonius
648 2138 824 2183 Oradini,
844 2139 933 2187 «qui
950 2141 999 2176 ab
1017 2140 1130 2176 initio
1147 2139 1317 2187 Collegii
1334 2140 1462 2176 fautor
1477 2140 1622 2187 fuerat,
1637 2146 1676 2176 et
1695 2140 1768 2187 ita,

124 2201 312 2244 quantum
332 2197 536 2233 commode
555 2198 697 2245 potuit,
715 2198 764 2234 de
782 2199 925 2235 nostris
943 2199 1036 2235 beni
1053 2200 1195 2236 mereri
1211 2200 1520 2247 perseveravit.»
1540 2201 1763 2246 POLANCO,

128 2259 157 2290 t.
177 2263 214 2289 v.
238 2266 329 2301 pag.
347 2255 409 2300 62,
427 2268 471 2292 n.
498 2255 581 2291 132.

196 2315 211 2335 ²
261 2314 423 2350 Fulvius
441 2314 490 2351 de
508 2316 544 2350 la
562 2314 705 2361 Corna,
724 2315 931 2352 cardinalis
949 2318 1175 2364 perusinus.

199 2373 214 2394 ³
262 2372 481 2420 scripserat
498 2375 696 2411 librarius:
717 2376 905 2422 alquanti
918 2376 1065 2423 fundi,
1084 2377 1169 2423 sed,
1187 2379 1262 2414 hoc
1284 2378 1429 2425 deleto,
1454 2378 1553 2425 ipse,
1579 2383 1622 2413 ut
1646 2382 1707 2413 est
1726 2376 1767 2412 in

128 2436 256 2476 textu,
276 2433 514 2469 emendavit.
