2014 3470
318 240 385 286 398
805 241 1042 276 EP1s'roLAE
1068 239 1355 276 MixTAE—88o

265 342 458 396 offresce
479 355 565 384 con
587 342 753 385 mucha
774 340 990 385 charidad
1010 340 1281 383 mandarnos
1297 342 1486 384 muchos
1507 355 1615 397 para
1636 341 1679 383 13
1696 341 1893 398 Compa-

268 421 359 471 fiia,
385 417 422 460 si
444 418 511 461 los
533 417 843 477 quisieremos.
870 418 940 460 Yo
962 416 1005 460 16
1026 417 1267 472 respondo,
1287 430 1375 472 que
1391 431 1474 460 nos
1489 418 1600 460 hara
1616 431 1730 473 gran
1746 417 1894 460 chari—

268 495 359 538 dad
379 509 437 539 en
457 494 560 547 ello,
586 509 615 550 y
643 507 824 550 aunque
846 507 929 536 nos
950 492 1189 535 mandasse
1210 491 1375 546 ciento,
1396 507 1485 548 que
1507 494 1689 537 fuessen
1709 492 1896 538 idoneos

270 586 378 628 para
398 572 442 614 13
462 571 726 627 Compafiia,
753 583 840 626 que
863 572 972 612 aura
993 569 1125 624 lugar
1153 583 1262 625 para
1287 569 1412 612 ellos.
1439 571 1610 626 Espero
1631 583 1688 613 en
1710 576 1896 613 nuestro

268 648 416 693 Sefior
438 661 527 703 que
548 654 700 703 presto
721 661 804 689 nos
826 645 1075 697 consolata,
1101 645 1440 689 mandandonos
1461 646 1669 702 algunos.
1695 647 1794 689 Aca
1815 659 1898 689 en-

271 730 372 767 tran
393 724 603 781 algunos,
628 738 737 780 pero
760 737 843 765 son
865 727 975 778 muy
991 735 1129 777 pocos
1149 735 1257 778 para
1278 721 1450 778 supplir
1470 729 1678 766 nuestras
1699 721 1899 778 necessi-

269 800 427 845 dades.
452 801 652 844 Nuestro
673 801 819 844 Sefior
839 799 883 841 10
905 812 1075 854 prouea
1097 798 1202 841 todo
1231 802 1258 842 έι
1279 813 1332 841 su
1355 813 1509 854 mayor
1540 798 1684 855 gloria
1704 814 1734 855 y
1755 797 1899 842 serui-

270 876 358 932 cio.
383 879 454 921 De
476 877 648 921 Lixboa
670 880 696 920 a
717 877 805 920 XV
827 877 884 919 de
906 875 1110 919 Octubre
1137 876 1146 896 ¹
1177 885 1303 930 1554.
1329 877 1398 919 De
1419 876 1478 919 V.
1505 877 1556 919 P.
1589 875 1778 932 indigno
1806 874 1899 931 hijo

271 969 331 998 en
352 955 395 997 el
416 955 577 1007 Senor‚

1482 1030 1659 1073 MIRoN.

364 1107 624 1163 Inscriptio:
646 1105 674 1164 †
699 1106 759 1149 Al
781 1120 889 1162 muy
910 1106 1023 1149 Rdo.
1052 1105 1214 1158 Padre‚
1235 1105 1277 1150 el
1298 1106 1351 1148 Ρ.
1372 1107 1507 1149 Mtro.
1528 1105 1721 1162 Ignafio,
1739 1108 1901 1162 prepo—

275 1184 363 1228 sito
385 1183 570 1241 general
591 1183 648 1226 de
669 1183 712 1226 13
734 1183 983 1239 Compafiia
1004 1182 1062 1226 de
1076 1183 1226 1240 Jesi'is.
1254 1183 1322 1224 En
1344 1183 1502 1225 Roma.

1027 1417 1149 1458 §so

804 1516 1014 1554 PAULUS
1041 1518 1111 1553 DE
1137 1517 1382 1554 ACHILLIS

651 1602 837 1646 PATRI
868 1602 1130 1646 IGNATIO
1162 1601 1245 1645 DE
1275 1603 1535 1646 LOYOLA

738 1703 942 1731 PANORMO
976 1704 1021 1730 22
1056 1702 1264 1731 OCTOBms
1301 1703 1392 1741 1554
1416 1698 1448 1731 ².

280 1778 413 1826 Opera
442 1791 463 1814 3
493 1777 635 1815 nostris
665 1777 875 1824 diligenter
902 1777 1304 1823 monteregalensibus
1328 1779 1764 1815 navata.—Uberrimus
1790 1790 1839 1814 ex
1865 1789 1911 1814 ea

905 1842 1113 1884 perceptus
1131 1836 1295 1872 fructus.

910 1921 1045 1978 Jesus
1078 1919 1107 1977 1-
1138 1920 1281 1964 Maria

376 2017 518 2060 Molto
541 2016 655 2059 Rdo.
681 2014 728 2057 in
750 2013 934 2058 Christo
963 2015 1126 2059 Padre.
1161 2017 1257 2058 Pax
1279 2015 1463 2059 Christi.
1495 2017 1648 2060 Laltra
1675 2015 1914 2059 settimana

284 2092 438 2136 scrissi
461 2107 487 2136 a
509 2093 564 2136 V.
593 2094 646 2135 R.
675 2093 727 2135 P.
754 2090 816 2133 dil
839 2092 995 2144 frutto,
1021 2092 1153 2146 quale
1174 2091 1206 2134 il
1228 2091 1384 2148 signor
1403 2091 1529 2136 Iddio
1550 2107 1630 2149 per
1658 2107 1740 2135 sua
1761 2091 1937 2155 diuina

286 2171 431 2212 bonta
453 2169 490 2213 si
512 2170 537 2212 6
558 2169 758 2225 degnato
780 2167 825 2210 di
849 2169 1023 2224 operar'
1050 2168 1197 2223 questi
1219 2168 1368 2224 giorni
1389 2169 1555 2225 passati
1578 2184 1668 2225 qua
1689 2169 1734 2211 in
1759 2169 1916 2212 Paler-

287 2260 367 2289 mo
400 2261 479 2302 per
512 2244 649 2301 quelli
681 2245 738 2287 de
770 2245 814 2287 13
845 2244 1128 2301 Compagnia
1157 2245 1188 2288 ³.
1215 2246 1341 2288 Hora
1368 2245 1415 2288 in
1436 2245 1613 2290 breuita
1635 2245 1834 2289 scriuero
1854 2243 1917 2287 dil

295 2323 437 2365 frutto
459 2323 544 2365 che
566 2336 649 2365 sua
669 2320 824 2364 diuina
850 2321 1036 2364 maiesta
1057 2323 1117 2364 ha
1144 2329 1328 2378 operato
1349 2322 1396 2364 in
1419 2323 1648 2366 Monreale
1675 2337 1754 2378 per
1780 2321 1918 2377 quelli

295 2399 354 2442 (16
375 2399 418 2441 13
438 2398 685 2443 medesima
714 2397 1013 2454 Compagnia,
1038 2398 1069 2441 11
1091 2399 1223 2455 quale
1250 2413 1342 2441 non
1362 2400 1388 2442 6
1409 2413 1538 2455 poco.
1571 2400 1628 2442 Et
1655 2398 1813 2456 prima,
1837 2412 1916 2442 co-

296 2474 552 2518 minciando
574 2475 632 2518 da
653 2474 803 2530 quello
821 2475 904 2517 che
925 2475 951 2517 6
969 2473 1211 2531 principale
1232 2474 1441 2518 instituto
1461 2476 1520 2519 de
1539 2476 1583 2518 la
1603 2481 1756 2519 nostra
1778 2476 1919 2519 Com-⁴

297 2550 480 2607 pagnia,
505 2550 603 2594 6106
625 2551 682 2593 (16
704 2549 932 2606 insegnar’
958 2550 989 2593 il
1008 2550 1152 2594 viuer'
1178 2550 1423 2594 christiano
1445 2566 1471 2594 3
1493 2551 1615 2606 tutti,
1645 2552 1764 2607 dopo
1784 2553 1870 2594 che
1891 2550 1923 2594 il

296 2633 453 2670 nostro
484 2626 712 2683 colleggio
740 2627 766 2669 6
794 2625 839 2668 in
868 2628 1115 2680 Monreale,
1152 2634 1313 2682 questo
1341 2627 1379 2670 si
1405 2629 1431 2671 6
1461 2629 1572 2671 fatto
1604 2627 1650 2671 di
1686 2627 1918 2681 continuo,

296 2704 416 2747 nelle
438 2704 591 2746 schole
615 2718 640 2746 3
662 2702 692 2745 11
721 2702 913 2746 scholari
936 2704 1047 2760 ogni
1069 2703 1249 2760 giorno,
1277 2711 1322 2748 et
1344 2705 1386 2747 31
1414 2705 1577 2761 popolo
1606 2705 1691 2748 3116
1720 2703 1925 2749 domeni-

299 2781 385 2823 che
405 2780 507 2823 nela
528 2779 696 2832 chiesa,
721 2780 805 2822 che
823 2778 860 2822 si
877 2779 1053 2823 chiama
1070 2787 1202 2824 santo
1221 2780 1504 2834 Sebastiano,
1529 2782 1646 2825 doue
1668 2796 1786 2826 uene
1807 2779 1924 2825 assai

369 2903 379 2924 ¹
432 2903 508 2938 Ms.
533 2903 666 2939 Doct.⁰

366 2964 380 2982 ²
431 2962 488 2996 Ex
507 2964 746 3011 autographo
764 2963 804 2999 in
822 2963 898 2998 vol.
918 2963 964 3008 E,
983 2961 1128 3009 duplici
1147 2962 1254 3007 folio,
1273 2975 1311 2998 n.
1331 2971 1391 3009 92,
1411 2964 1515 3010 prius
1537 2964 1615 3000 188.

367 3021 382 3041 ³
432 3020 531 3056 Vide
550 3020 665 3067 epist.
684 3022 768 3067 875,
787 3026 826 3057 et
845 3021 1011 3056 maxime
1033 3021 1127 3057 Litt.
1149 3022 1326 3067 Quadr„
1345 3027 1378 3060 t.
1400 3031 1457 3069 111,
1475 3034 1568 3070 pag.
1595 3023 1763 3061 161·168.
