2060 3450
796 268 839 308 17
865 261 1034 300 Armis
1062 269 1154 311 1555
1670 263 1740 311 585

162 361 429 418 Brugnuola
447 360 522 406 alli
550 372 599 417 15
621 361 669 405 di
689 362 846 419 Aprile
872 373 1000 421 1555.
1025 365 1084 410 D.
1110 365 1168 408 V.
1194 364 1248 411 R.
1275 365 1329 413 Ρ.
1355 363 1556 422 indegno
1577 371 1624 409 et
1644 364 1762 409 inuti

157 437 203 482 le
238 436 459 497 figliuolo,

1339 520 1545 564 Ponno.

248 592 509 650 Inscriptio:
527 595 588 641 Al
610 595 749 639 molto
771 596 886 641 Rdo.
911 595 958 639 in
980 595 1171 654 Christo*
1195 596 1358 651 Padre‚
1389 595 1421 639 il
1443 597 1497 642 P.
1524 597 1586 641 M.
1612 595 1788 653 Ignatio

154 667 206 713 di
225 670 410 725 Loyola,
429 671 661 727 preposito
682 673 895 729 generale
910 673 1028 718 della
1049 672 1333 731 Compagnia
1349 673 1395 716 di
1410 674 1536 732 Jesu.
1558 674 1602 722 A
1623 674 1783 721 Roma.

907 903 1033 948 94⁰

729 991 941 1029 GASPAR
967 994 1023 1028 DI
1049 992 1214 1033 DOTTI

484 1075 694 1118 PATRI
745 1076 1046 1121 IGNATIO
1099 1078 1188 1121 DE
1239 1078 1531 1123 LOYOLA

651 1178 850 1206 LAURETO
879 1179 921 1216 17
947 1180 1108 1208 APRILIS
1138 1180 1226 1217 1555
1256 1174 1281 1207 ¹.

206 1257 371 1292 Fructus
389 1269 437 1293 ex
456 1257 648 1294 sociorum
661 1259 845 1306 operibus
859 1265 1079 1308 perceptus:
1100 1272 1233 1297 eorum
1248 1261 1523 1309 occupationes
1537 1266 1578 1297 et
1595 1261 1739 1299 munia.

962 1349 991 1408 †

249 1442 302 1485 R.
330 1444 382 1485 P.
408 1441 452 1485 in
475 1444 594 1499 Xpo.
619 1444 943 1492 amantissimo.
975 1447 1041 1489 La
1070 1446 1217 1502 gratia
1244 1453 1290 1490 et
1312 1460 1422 1503 pace
1449 1447 1507 1491 de
1534 1453 1690 1490 nostro
1720 1445 1785 1489 si-

154 1532 301 1575 gnore
322 1519 448 1562 Iddio
468 1519 535 1563 sia
555 1534 732 1577 sempre
753 1535 838 1564 con
863 1522 936 1578 lej.
958 1522 1012 1566 Li
1032 1523 1162 1566 molti
1179 1523 1349 1580 negotij
1368 1523 1589 1580 spirituali
1605 1530 1651 1567 et
1669 1530 1785 1567 tem-

158 1595 299 1651 porali
319 1610 464 1640 sonno
485 1597 590 1640 stati
607 1597 654 1640 in
670 1612 808 1642 causa
824 1600 909 1643 che
925 1600 986 1642 ho
1001 1599 1198 1644 differito
1214 1600 1314 1644 sino
1330 1602 1441 1644 hora
1461 1600 1507 1643 di
1523 1599 1786 1657 raguagliar

159 1673 217 1716 V.
245 1674 296 1716 Ρ.
322 1674 376 1716 R.
403 1674 519 1718 delle
540 1689 645 1719 cose
665 1675 724 1720 de
745 1683 907 1731 questo
927 1676 1121 1734 collegio
1137 1678 1255 1721 della
1276 1692 1359 1721 sua
1375 1676 1676 1734 Compagnia,
1701 1678 1787 1721 che

155 1749 184 1793 6
206 1749 332 1806 quiui
353 1749 399 1793 in
421 1758 580 1807 questa
602 1760 731 1796 santa
752 1767 856 1797 casa
884 1754 1001 1798 della
1032 1755 1260 1798 Madonna
1286 1756 1344 1798 de
1371 1756 1554 1808 Loreto,
1584 1755 1703 1799 doue
1734 1768 1786 1798 66

158 1841 318 1879 sonno,
343 1834 412 1870 tra
431 1829 653 1872 sacerdoti
679 1836 726 1874 et
746 1829 924 1883 scolari,
949 1846 1023 1874 xx.
1049 1832 1102 1875 Li
1124 1832 1246 1893 quali
1263 1831 1309 1874 in
1326 1846 1437 1875 uero
1452 1846 1532 1888 per
1549 1831 1697 1888 gratia
1713 1832 1786 1876 del

155 1910 313 1947 nostro
328 1904 511 1961 signore
527 1905 653 1949 Iddio
671 1906 838 1951 uiueno
854 1908 912 1952 da
926 1907 1022 1952 veri
1039 1908 1239 1965 religiosi
1255 1908 1300 1952 in
1324 1915 1455 1952 santa
1469 1922 1597 1965 pace,
1616 1907 1785 1951 humil-

157 1987 310 2026 mente
327 1989 373 2026 et
389 1995 474 2025 con
491 1982 791 2039 grandissima
807 1984 1080 2038 obedientia,
1094 1986 1270 2029 usando
1285 2001 1376 2030 vna
1391 1986 1596 2030 inmensa
1611 1985 1786 2029 charita

158 2070 292 2102 uerso
317 2058 349 2101 li
385 2059 539 2115 populi
565 2075 652 2104 con
684 2061 727 2104 le
753 2075 836 2106 sue
863 2076 1011 2106 messe
1036 2062 1276 2115 continue,
1306 2062 1483 2106 lettioni
1519 2063 1622 2106 dela
1656 2077 1785 2106 sacra

155 2133 385 2187 scrittura,
410 2136 467 2178 de
488 2135 581 2180 casi
601 2137 659 2182 de
678 2137 972 2191 conscientia,
998 2153 1084 2181 con
1105 2140 1147 2182 le
1168 2153 1252 2184 sue
1273 2139 1584 2196 predicationi,
1609 2139 1784 2183 exerci-

159 2209 209 2265 tij
247 2210 467 2266 spirituali
501 2220 547 2256 et
574 2213 811 2269 frequente
839 2214 1134 2271 confessionj;
1169 2216 1227 2259 de
1263 2217 1398 2260 modo
1422 2217 1507 2260 che
1534 2231 1650 2260 sono
1679 2215 1785 2260 stati

157 2300 297 2330 causa
317 2287 362 2331 di
386 2289 453 2332 far
474 2290 541 2332 far
561 2291 700 2336 molte
720 2291 820 2347 paci
842 2292 900 2335 de
921 2291 1219 2348 grandissime
1239 2292 1542 2350 importantie‚
1568 2300 1614 2338 et
1641 2292 1687 2336 di
1709 2307 1781 2338 re·-

156 2363 246 2406 dur
267 2365 353 2409 alle
374 2366 646 2411 confessioni
667 2368 794 2411 molti
810 2375 856 2411 et
872 2367 1018 2422 molti,
1037 2371 1123 2414 che
1138 2384 1307 2413 eranno
1324 2370 1429 2414 stati
1446 2370 1519 2413 chi
1542 2383 1610 2420 10,
1636 2380 1704 2424 15,
1724 2381 1782 2413 20

155 2446 205 2484 et
228 2453 284 2495 30
305 2441 411 2484 anni
432 2443 516 2486 che
537 2457 629 2486 non
649 2458 821 2488 eranno
843 2445 1107 2498 confessati,
1139 2459 1229 2491 con
1256 2446 1557 2503 grandissima
1583 2445 1783 2489 satisfat-

158 2516 282 2562 tione
304 2525 350 2563 et
370 2520 662 2576 exemplarita
681 2529 727 2565 et
748 2522 959 2565 massimo
981 2523 1102 2566 fruto
1117 2524 1174 2566 de
1196 2530 1293 2568 tute
1314 2530 1474 2580 queste
1495 2522 1721 2579 prouintie
1737 2529 1784 2566 et

158 2596 217 2638 (16
238 2595 455 2652 pelegrinj
479 2598 563 2640 che
585 2597 810 2642 vienneno
831 2613 857 2641 a
877 2605 1038 2654 questo
1058 2606 1190 2643 santo
1216 2600 1333 2645 loco.

250 2672 315 2715 Ita
337 2674 422 2717 che
442 2674 467 2716 e
489 2687 594 2718 cosa
614 2674 811 2718 nottoria
832 2675 875 2718 la
895 2675 1096 2720 dottrina
1123 2677 1243 2721 bona
1264 2684 1310 2722 et
1331 2683 1460 2721 santa
1488 2683 1533 2721 et
1559 2676 1603 2719 la
1624 2674 1782 2719 ottima

156 2831 322 2862 mortem
350 2838 428 2863 non
457 2839 646 2864 evasurus
675 2828 919 2865 videretur...
945 2829 1136 2866 Moriente
1159 2830 1315 2869 interim
1340 2831 1444 2877 Papa
1471 2830 1668 2873 Marcello,
1692 2840 1783 2864 cum

160 2886 437 2922 monasterium
460 2886 556 2922 illud
578 2886 776 2923 Cardinali
799 2888 937 2935 Crispo
965 2887 1106 2925 fuisset
1134 2891 1331 2932 collatum,
1359 2888 1530 2925 cessavit
1561 2887 1784 2927 commissio

157 2946 204 2982 P.
226 2945 365 2982 Pontio
384 2946 487 2992 data,
513 2957 628 2994 quam
648 2946 820 2994 alioquin
848 2952 1005 2994 propter
1029 2948 1314 2994 aegritudinem
1335 2959 1519 2985 exercere
1539 2958 1616 2983 non
1636 2947 1787 2994 potuis-

155 3010 261 3041 set».
286 3005 504 3049 PoLANco,
527 3011 554 3041 t.
574 3014 615 3052 ν,
634 3017 726 3052 pag.
750 3005 834 3051 357,
853 3018 892 3041 n.
911 3006 996 3052 964,
1014 3007 1101 3052 965.

234 3066 243 3086 ¹
294 3065 351 3099 Ex
366 3065 604 3112 autographo
618 3064 657 3100 in
672 3066 749 3100 vol.
765 3065 896 3112 Epist.
910 3066 1178 3108 diversorum,
1193 3066 1339 3114 duplici
1353 3066 1459 3110 folio,
1474 3077 1513 3104 n.
1528 3075 1590 3112 99,
1604 3065 1709 3113 prius
1722 3073 1787 3112 97.
