2014 3476
784 263 830 292 10
856 256 1024 292 APRms
1054 264 1144 302 1554
1654 268 1719 304 141

137 356 319 410 altroui,
349 357 542 401 dicendo
569 358 601 400 1’
625 350 745 403 aiere
773 360 912 402 esser’
943 372 1033 414 qua
1064 357 1245 401 nociuo:
1278 360 1341 402 M.
1367 360 1439 416 Jo.
1471 360 1649 416 Ignatio
1682 363 1711 414 ¹,
1742 361 1776 405 il

138 435 261 490 qual'
286 435 473 478 insieme
501 449 587 478 con
618 437 680 479 M.
713 435 899 479 Andrea
927 435 1093 480 atende
1121 435 1190 480 316
1219 435 1389 489 scuole3
1422 450 1494 479 ma
1528 439 1696 493 perche
1732 439 1777 483 16

140 513 262 558 61336
283 527 365 556 son
389 519 474 567 tre,
498 519 545 557 et
565 527 658 556 non
685 512 724 556 si
745 526 942 569 possono
974 498 1316 557 comodamente
1348 512 1396 556 in
1432 513 1510 557 doi
1547 513 1773 571 diuidere,

125 589 203 634 'M.
219 592 292 648 Jo.
318 590 495 647 Ignatio
524 591 569 634 fa
589 591 633 634 la
659 590 872 643 seconda,
904 596 951 633 et
977 590 1098 646 quel’
1123 589 1322 647 giouane
1350 592 1435 634 che
1464 592 1490 634 6
1511 606 1593 647 per
1613 591 1773 644 intrar,

141 666 240 711 6106
269 669 332 711 M.
363 666 653 720 Dominicho,
686 668 730 710 fa
758 666 935 710 recitar’
966 666 1104 723 quelli
1132 667 1250 711 della
1278 666 1449 711 infima:
1481 669 1543 712 M.
1571 669 1778 714 Gonzale

142 744 320 801 sequita
340 744 372 788 il
394 760 478 789 suo
501 744 668 798 officio,
694 751 740 788 et
767 744 812 788 io
834 743 950 788 facio
973 745 1094 800 quel’
1117 746 1297 800 puocho
1321 747 1405 788 che
1428 759 1563 801 posso
1586 748 1773 789 anchor'

141 821 203 867 io.
229 824 287 867 V.
318 824 373 866 R.
407 824 460 866 P.
493 823 608 866 veda
638 829 685 867 et
712 821 926 878 risponda
954 820 1107 864 circha
1134 822 1236 864 dele
1264 822 1436 875 scuole,
1469 836 1602 866 come
1623 823 1662 866 si
1685 824 1773 867 do-

144 899 296 944 uiamo
317 914 513 957 reggere
533 906 579 943 et
600 899 663 942 dil
685 913 892 956 gouerno
913 897 959 941 di
981 913 1100 942 casa.

234 978 421 1033 Quanto
442 978 498 1020 al’
522 978 767 1022 confessar’
797 975 887 1019 dile
908 975 1177 1028 conuertite,
1201 976 1317 1020 veda
1345 977 1403 1020 V.
1437 978 1492 1020 R.
1519 978 1572 1020 P.
1599 978 1720 1033 qual'
1746 977 1777 1020 11

145 1054 240 1112 pari
261 1054 292 1098 11
314 1055 431 1098 deba
451 1053 601 1108 oldir'‚
626 1056 752 1099 ouer'
777 1060 939 1110 questo
962 1053 1125 1105 Padre,
1151 1055 1277 1096 ouer’
1296 1053 1356 1107 io;
1382 1055 1548 1110 perche
1572 1055 1778 1098 madama

146 1131 412 1176 Hieronima
439 1132 454 1152 ²
487 1147 514 1175 a
534 1132 660 1175 detto
689 1131 732 1175 al
760 1131 875 1174 Rdo.
908 1132 961 1173 P.
995 1132 1056 1174 M.
1090 1131 1126 1173 F
1129 1129 1236 1186 ilipo
1263 1133 1349 1176 che
1376 1124 1468 1174 non
1497 1133 1666 1176 vorebe
1694 1134 1781 1177 che

147 1216 400 1254 mutassero
427 1208 541 1252 tanti
570 1207 834 1261 confessori;
866 1208 974 1264 pero
1002 1209 1236 1264 pensando
1267 1208 1326 1253 lei
1353 1210 1439 1253 che
1467 1208 1498 1251 il
1531 1210 1679 1254 Padre
1714 1210 1782 1253 fra

147 1285 348 1341 quindici
369 1284 518 1342 giomi
548 1292 694 1337 toma,
719 1299 747 1328 o
768 1284 904 1337 circa,
937 1299 963 1328 a
991 1285 1116 1329 detto
1139 1287 1224 1329 che
1252 1292 1414 1341 questo
1442 1286 1600 1329 sabato
1628 1301 1718 1329 non
1742 1286 1781 1330 si

147 1363 482 1414 confessarano,
508 1377 582 1406 ma
602 1368 889 1418 aspetterano
911 1362 960 1406 S.
987 1363 1041 1405 R.

237 1441 423 1496 Quanto
444 1439 487 1483 31
507 1438 599 1482 11110
627 1438 780 1495 viagio
803 1439 836 1492 ³,
861 1438 923 1481 mi
945 1445 1121 1495 partete
1147 1438 1192 1481 di
1222 1440 1420 1484 Modena
1448 1439 1506 1483 ali
1537 1452 1560 1483 2
1592 1440 1653 1483 dil
1675 1456 1780 1497 pre-

146 1523 291 1569 sente,
316 1523 362 1561 et
383 1516 570 1560 ritornai
592 1515 650 1559 ali
671 1531 715 1574 9:
740 1515 835 1560 cosi
855 1530 969 1559 sono
991 1522 1110 1559 stato
1132 1516 1227 1559 solo
1249 1516 1357 1574 d[o]i
1380 1516 1529 1573 giorni
1545 1517 1712 1574 integri
1734 1518 1780 1560 in

149 1594 385 1647 Piasenza,
411 1601 457 1639 et
478 1583 597 1639 uene
619 1608 748 1638 meco
778 1594 881 1650 quel
912 1593 1110 1650 giouane
1131 1595 1217 1638 che
1244 1595 1269 1637 e
1291 1609 1372 1650 per
1394 1594 1569 1647 intrar’,
1595 1598 1658 1639 M.
1684 1598 1780 1639 Do-

147 1670 361 1725 minicho.
389 1673 451 1715 M.
472 1673 544 1729 Jo.
577 1670 755 1729 Ignatio
783 1685 875 1714 non
905 1685 1021 1715 uene
1051 1685 1132 1728 per
1159 1671 1203 1714 13
1229 1671 1453 1716 necessita
1480 1672 1581 1716 dele
1607 1674 1781 1727 scuole,

76 1791 79 1793 ,
144 1755 191 1792 et
211 1748 275 1791 iui
297 1748 429 1793 diede
458 1748 619 1792 notitia
647 1764 674 1792 3
700 1749 839 1793 molte
865 1763 1059 1805 persone
1086 1748 1178 1792 dila
1203 1749 1490 1806 Compagnia
1517 1757 1689 1803 nostra,
1715 1751 1785 1795 fra

144 1827 186 1871 16
207 1827 329 1883 qual'
354 1840 547 1883 persone
573 1826 605 1869 li
634 1827 683 1870 fu
705 1826 734 1869 il
767 1833 902 1871 conte
930 1826 1198 1883 Augustino
1227 1827 1285 1870 (13
1313 1827 1488 1879 Lando,
1519 1827 1550 1869 il
1571 1827 1717 1884 primo
1739 1828 1786 1870 di

145 1903 379 1956 Piasenza,
404 1903 436 1946 il
458 1905 578 1960 qual’
603 1919 676 1948 me
698 1904 863 1947 mando
885 1919 911 1947 3
933 1904 1198 1947 domandar’
1222 1905 1308 1948 che
1326 1903 1371 1946 di
1394 1904 1541 1961 gratia
1566 1905 1653 1949 fusi
1677 1920 1784 1949 con-

143 1986 268 2024 tento
296 1981 452 2024 andar’
477 1981 535 2024 da
561 1995 644 2025 sua
672 1980 799 2026 S,ria;
824 1979 856 2023 li
879 1980 1027 2033 andai,
1058 1987 1104 2024 et
1127 1981 1418 2024 domandomi
1446 1982 1509 2024 dil
1537 1981 1781 2039 principio,

142 2058 388 2114 procedere
409 2066 456 2101 et
476 2072 615 2114 scopo
636 2057 682 2101 di
704 2051 1185 2115 nostra'Compagnia:
1207 2065 1252 2101 et
1275 2066 1435 2102 narato
1459 2060 1544 2103 che
1561 2059 1604 2102 io
1626 2060 1656 2101 li
1679 2061 1781 2113 ebe,

142 2133 174 2176 li
190 2122 355 2190 piaque
371 2135 527 2190 molto,
547 2134 743 2179 maxime
759 2134 1103 2193 nomina[n]d01i
1121 2134 1164 2177 io
1187 2135 1217 2177 li
1239 2135 1454 2192 colleggij
1473 2137 1559 2179 che
1576 2135 1653 2193 gia
1670 2151 1784 2181 sono

217 2242 227 2262 ¹
279 2240 378 2276 «Hic
395 2242 568 2288 Joannes
586 2241 762 2287 Ignatius
780 2241 885 2277 idem
902 2246 979 2288 est,
1006 2241 1074 2288 qui
1091 2242 1293 2289 hucusque
1317 2243 1488 2288 Joannes
1513 2243 1645 2288 Nieto,
1666 2244 1783 2289 Joan-

145 2310 215 2334 nes
229 2299 390 2346 Gnieto,
406 2301 578 2346 Joannes
592 2301 740 2348 Nepos,
756 2305 832 2337 etc.
848 2300 976 2336 dictus
991 2306 1066 2336 est.
1082 2301 1249 2337 Mutavit
1267 2301 1386 2345 enim,
1402 2301 1518 2337 venia
1533 2314 1554 2337 a
1569 2303 1652 2338 Sto.
1672 2303 1782 2349 Igna-

146 2358 201 2394 tio
218 2359 366 2405 habita,
385 2370 603 2406 cognomen
621 2371 749 2406 suum,
769 2360 869 2396 forte
886 2360 977 2407 quia
1001 2360 1104 2395 inter
1121 2361 1248 2396 varios
1273 2360 1423 2405 modos,
1447 2361 1590 2408 quibus
1614 2363 1785 2409 appella-

146 2418 274 2463 batur,
292 2418 389 2454 illud
407 2418 525 2455 etiam
543 2424 627 2455 erat
649 2418 914 2455 Giovanneto.
940 2419 1041 2455 Vide
1059 2420 1210 2455 litteras
1236 2432 1258 2455 a
1280 2421 1464 2465 Polanco,
1483 2433 1529 2457 ex
1554 2433 1651 2457 com.
1672 2422 1784 2457 datas

147 2477 262 2523 hujus
280 2477 371 2513 anni
391 2486 482 2524 1554
499 2478 626 2523 initio,
644 2478 875 2525 praesertim
893 2490 989 2526 quas
1008 2478 1114 2514 Patri
1131 2480 1342 2516 Pelletario
1359 2480 1468 2516 dedit
1485 2479 1507 2515 3
1526 2481 1692 2516 Martii.»
1707 2481 1785 2516 PO—

146 2545 303 2583 LANCO,
322 2542 356 2573 t.
379 2547 435 2583 IV,
454 2549 549 2585 pag.
572 2546 632 2584 97,
648 2551 690 2574 n.
717 2538 797 2585 180,
817 2544 955 2575 annot.
979 2549 1014 2584 4.

217 2598 231 2618 ²
283 2597 498 2633 «Hercules
511 2598 680 2634 Purinus
693 2604 747 2642 et,
765 2610 866 2646 quae
883 2603 1061 2646 praeerat
1084 2599 1311 2644 Conversis,
1331 2599 1572 2647 Hieronyma
1589 2600 1782 2643 Pezzana,

147 2655 228 2691 suis
246 2655 295 2691 ad
311 2656 508 2702 Ignatium
525 2657 667 2693 litteris
685 2659 874 2704 rogabant
890 2670 940 2694 ne
954 2664 1034 2694 tarn
1051 2659 1189 2694 crebro
1207 2659 1430 2695 sacerdotes
1445 2659 1781 2695 immutarentur.»

145 2714 364 2761 POLANco,
394 2721 427 2751 t.
461 2724 518 2760 1v,
549 2728 638 2764 pag.
674 2718 755 2763 106,
786 2729 829 2753 n.
866 2726 933 2753 201
945 2744 955 2754 .
991 2717 1054 2754 Cf.
1089 2717 1235 2754 Cartas
1264 2720 1312 2754 de
1345 2718 1428 2754 San
1454 2719 1635 2766 Ignacio,
1668 2724 1695 2753 t.
1723 2728 1782 2762 111,

145 2784 237 2820 pag-
261 2782 331 2819 447
349 2779 390 2810 et
407 2773 491 2820 344-
1181 2831 1186 2835 .

217 2834 231 2854 ³
282 2833 405 2870 «Cum
422 2834 608 2871 facultate
631 2836 679 2871 P.
705 2835 849 2882 Ignatii
871 2837 916 2872 P.
936 2837 1110 2883 Joannes
1134 2836 1383 2883 Laurentius,
1407 2836 1662 2879 Plazentiam,
1681 2848 1782 2883 quae

145 2892 271 2939 patria
288 2892 411 2940 ipsius
429 2900 526 2938 erat,
551 2906 594 2930 se
612 2896 792 2941 contulit,
810 2901 898 2943 post
915 2896 1077 2932 biduum
1101 2897 1164 2932 vel
1189 2896 1360 2933 triduum
1384 2896 1596 2932 rediturus.
1622 2895 1681 2931 Ibi
1699 2896 1782 2943 qui-

147 2951 312 2987 busdam
331 2951 540 2989 Societatis
557 2965 600 2990 ac
619 2954 865 3001 potissimum
883 2956 1054 2992 instituti
1072 2956 1342 3003 collegiorum,
1364 2955 1553 2991 rationem
1572 2955 1782 2990 reddidit.»

148 3011 368 3058 POLANCO,
387 3016 415 3047 t.
435 3021 490 3058 1v,
510 3024 599 3060 pag.
626 3013 687 3060 96,
706 3025 744 3050 n.
767 3015 847 3060 178.
868 3015 969 3051 Vide
988 3017 1131 3062 locum,
1156 3016 1197 3051 in
1219 3027 1296 3063 quo
1315 3016 1506 3050 Polancus
1524 3015 1597 3050 hac
1615 3014 1782 3061 epistola

149 3081 245 3106 usus
263 3075 338 3106 est.
