2060 3432
370 250 440 297 848
845 252 1081 288 Ems’ronAE
1113 249 1424 286 MIXTAE—1032

322 367 483 410 parece
504 367 592 410 que
612 368 662 398 se
682 354 798 399 deue
814 353 1030 410 registrar
1051 367 1078 397 e
1098 351 1296 408 regullar
1312 352 1372 395 ho
1394 352 1566 409 grande
1583 353 1696 397 zello
1710 366 1801 409 que
1817 353 1948 399 todos

322 437 538 474 mostram
560 445 642 487 por
662 432 770 474 obra
791 431 848 475 de
868 429 1085 474 seruirem
1108 443 1134 472 a
1156 442 1291 471 nosso
1322 429 1500 474 Senhor
1520 443 1593 473 em
1622 429 1948 486 aproueitarem

322 521 371 551 as
399 507 552 551 almas.
586 508 735 551 Pollas
764 521 903 563 quaes
935 520 1095 550 causas
1127 519 1226 548 com
1258 504 1399 550 muita
1430 510 1562 549 rezao
1593 520 1688 550 sam
1719 505 1891 562 aceitos
1921 522 1949 551 a

322 585 427 628 todo
449 585 605 629 estado
626 585 683 628 de
714 599 889 641 pesoas‚
921 597 947 626 e
973 582 1117 626 muito
1145 581 1257 626 mais
1287 584 1347 626 ho
1376 583 1540 628 deuem
1572 597 1645 628 ser
1674 583 1731 627 de
1760 597 1843 627 nos
1864 585 1947 627 hos

320 662 543 719 prelados‚
570 676 658 718 que
680 669 824 706 ternos
854 667 943 704 tam
971 660 1142 717 grande
1172 659 1439 716 necesidade
1471 660 1528 705 de
1559 667 1655 705 taes
1681 660 1948 716 ajudadores

319 753 426 796 pera
446 739 736 782 encaminhar
758 754 784 782 a
805 738 953 781 saluar
975 752 1023 781 as
1046 737 1201 790 almas,
1227 751 1317 792 que
1332 751 1467 781 nosso
1489 737 1667 782 Senhor
1687 737 1826 782 remio
1846 751 1946 782 com

319 830 400 861 seu
423 815 626 872 precioso
648 829 837 872 sangue.
866 816 903 857 E
925 828 1005 871 por
1027 820 1152 857 tanto
1174 813 1248 857 lhe
1269 828 1382 871 peco
1401 827 1491 869 que
1521 814 1592 870 aja
1622 828 1704 870 por
1734 814 1837 859 bem
1858 814 1946 858 isto

319 906 407 949 que
434 893 509 937 lhe
537 894 675 937 tenho
703 891 870 949 pidido,
906 906 931 935 e
959 891 1145 935 mandat
1174 905 1262 946 que
1293 891 1497 947 algumas
1529 905 1687 948 pesoas
1722 891 1779 935 da
1806 891 1944 935 Com-

317 969 480 1026 panhia
501 969 679 1012 visitem
702 976 797 1014 este
818 968 1020 1025 bispado,
1052 982 1123 1012 em
1157 982 1246 1023 q-ue
1276 982 1325 1012 se
1346 974 1526 1013 contem
1558 968 1664 1011 todo
1684 974 1780 1012 este
1802 982 1943 1024 regno

317 1047 374 1090 do
396 1047 617 1103 Algarue‚
651 1061 751 1089 com
782 1061 865 1089 sua
895 1044 1099 1089 doctrina
1131 1059 1156 1089 e
1188 1046 1292 1088 bom
1323 1045 1544 1102 exemplo,
1580 1060 1652 1090 em
1684 1051 1852 1101 quanto
1882 1047 1942 1090 ho

317 1123 532 1180 principal
554 1138 657 1167 nam
680 1138 823 1168 ouuer
844 1124 1020 1167 effecto.
1046 1124 1083 1166 E
1105 1129 1232 1168 certo
1255 1136 1343 1179 que
1365 1122 1413 1167 S.
1440 1121 1543 1167 S‚de
1564 1122 1682 1167 deue
1702 1121 1844 1166 muito
1861 1136 1943 1179 por

314 1200 490 1255 seruico
512 1201 568 1243 de
589 1215 725 1243 nosso
748 1201 925 1244 Senhor
948 1200 1180 1255 fauorecer
1203 1213 1229 1243 e
1249 1199 1406 1255 ajudar
1425 1214 1452 1242 a
1471 1198 1543 1242 hir
1563 1213 1646 1256 por
1673 1198 1825 1244 diante
1845 1205 1941 1244 esta

312 1276 513 1320 virtuosa
535 1276 828 1333 Companhia3
854 1291 1026 1333 porque
1054 1291 1113 1319 na
1143 1277 1362 1330 verdade,
1398 1276 1604 1333 segundo
1632 1290 1681 1320 as
1702 1283 1894 1320 mostras
1913 1291 1940 1321 e

313 1353 539 1410 proueitos
568 1353 807 1410 spirituaes
844 1367 932 1409 que
969 1360 1042 1398 ate
1073 1354 1134 1397 ho
1165 1360 1374 1410 presente
1405 1367 1560 1396 vernos
1590 1360 1741 1397 nestas
1770 1359 1934 1410 parteS,

310 1445 472 1487 parece
508 1445 646 1475 cousa
682 1429 775 1474 mui
812 1429 1042 1475 necesaria
1077 1445 1183 1487 pera
1218 1444 1539 1486 conseruacam
1576 1444 1602 1473 e
1637 1436 1850 1475 aumento
1879 1430 1937 1474 da

310 1508 548 1564 xpindade.
574 1523 599 1553 e
620 1507 827 1565 proueito
855 1508 936 1551 das
964 1508 1120 1551 almas:
1150 1509 1210 1551 ho
1239 1521 1328 1564 que
1357 1507 1447 1551 assi
1473 1507 1631 1564 pidirei
1658 1521 1836 1564 sempre
1855 1521 1937 1564 por

309 1599 457 1641 merce
494 1600 520 1628 a
550 1586 598 1630 S.
638 1584 757 1638 S.de,
797 1599 823 1628 e
854 1584 911 1628 da
947 1591 1074 1641 parte
1105 1585 1161 1629 de
1192 1599 1303 1628 noso
1337 1585 1515 1630 Senhor
1550 1583 1805 1640 requererei
1834 1598 1936 1628 com

309 1661 450 1706 muita
470 1661 706 1718 instancia.
733 1663 770 1704 E
801 1661 886 1705 elle
914 1676 993 1718 por
1020 1676 1102 1705 sua
1129 1661 1432 1706 misericordia
1460 1676 1544 1705 vos
1570 1660 1724 1717 queira
1751 1674 1933 1706 conser-

307 1753 388 1782 uar
405 1730 476 1781 em
499 1753 581 1783 seu
602 1745 759 1782 sancto
781 1737 973 1793 seruico,
998 1752 1105 1794 pera
1128 1753 1215 1794 que
1237 1752 1337 1782 com
1354 1740 1436 1781 hos
1454 1738 1681 1782 trabalhos
1697 1737 1933 1794 spirituaes

304 1821 433 1859 nesta
454 1814 559 1858 vida
581 1829 631 1859 se
651 1815 879 1871 alcancem
901 1816 984 1858 hos
1006 1821 1397 1860 contentamentos
1418 1815 1475 1858 da
1497 1822 1642 1868 outra,
1675 1829 1764 1871 que
1791 1815 1932 1860 durao

304 1906 412 1948 pera
448 1906 623 1948 sempre
664 1892 692 1934 ¹.
734 1893 874 1935 Deste
911 1890 1098 1948 bispado
1135 1892 1193 1935 do
1220 1892 1424 1949 Algarue
1461 1907 1487 1936 a
1523 1893 1574 1936 16
1605 1892 1661 1936 de
1693 1892 1931 1937 Setembro

305 1969 363 2013 de
387 1978 512 2023 1555.
1625 2011 1632 2018 ,

1151 2046 1193 2089 O
1227 2047 1374 2090 B1s1³o
1405 2060 1469 2090 Do
1503 2047 1751 2091 ALGARUE.

390 2122 649 2177 Inscriptio:
671 2121 700 2179 ἦ·
723 2122 795 2165 Ao
818 2121 959 2166 muito
982 2123 1096 2166 Rdo.
1126 2125 1178 2166 P.
1211 2124 1342 2167 Mtre.
1375 2123 1541 2177 Inacio,
1576 2123 1701 2179 geral
1728 2123 1812 2167 dos
1840 2124 1930 2168 Pa-

300 2199 403 2244 dres
425 2199 483 2242 da
503 2198 782 2255 Companhia
798 2199 854 2243 de
864 2201 992 2257 Jesu,
1012 2214 1083 2243 em
1104 2207 1227 2244 corte
1244 2201 1300 2244 de
1317 2202 1473 2245 Roma.
1497 2201 1604 2244 Alia
1620 2215 1777 2244 manu:
1798 2201 1924 2257 1556.

300 2276 387 2320 Del
424 2289 620 2319 vescouo
651 2276 919 2332 d’Algarue.
968 2277 1019 2320 16
1055 2276 1100 2320 di
1133 2278 1402 2322 Settembre.
1440 2279 1538 2322 R.ta
1569 2277 1643 2321 alli
1676 2278 1732 2321 26
1763 2277 1807 2321 di
1838 2278 1926 2322 Fe-

299 2352 443 2396 braio.

370 2490 381 2510 ¹
433 2488 495 2524 Ad
512 2500 595 2524 rem
612 2488 829 2534 PoLANCo,
847 2495 875 2525 t.
896 2499 936 2537 v,
955 2502 1047 2538 pag.
1077 2492 1166 2538 601,
1192 2503 1231 2527 n.
1260 2494 1365 2538 1654,
1396 2492 1499 2537 1655:
1525 2491 1730 2539 «Episcopi
1751 2492 1923 2528 Portale-

295 2547 448 2594 grensis
468 2553 508 2584 et
526 2548 795 2594 Algarbiensis
815 2551 1004 2596 urgebant
1028 2551 1072 2586 P.
1098 2551 1286 2586 Mironem
1315 2556 1357 2587 ut
1383 2551 1547 2597 collegia
1570 2551 1610 2587 in
1639 2550 1720 2587 suis
1744 2550 1921 2588 ecclesiis

295 2606 562 2644 admitteret...
583 2606 648 2643 Sic
667 2607 935 2653 Algarbiensis
954 2609 1002 2645 ad
1019 2609 1258 2646 dotationem
1272 2609 1488 2646 faciendam
1508 2615 1663 2658 paratus
1681 2615 1778 2656 erat,
1796 2615 1839 2647 ut
1851 2610 1921 2647 du·

294 2671 430 2702 centos
447 2666 727 2714 quinquaginta
745 2679 882 2703 aureos
899 2669 1018 2704 annui
1040 2669 1187 2706 reditus
1211 2670 1342 2706 statim
1367 2682 1409 2706 se
1433 2670 1625 2715 daturum,
1645 2675 1685 2706 et
1707 2669 1836 2706 omnia
1853 2682 1920 2706 ne-

294 2726 462 2761 cessaria
478 2725 748 2772 eollegialibus
767 2738 813 2761 eo
831 2738 954 2774 usque
971 2728 1365 2773 subministraturum,
1383 2729 1507 2765 donec
1529 2729 1686 2765 omnino
1707 2728 1916 2775 collegium

293 2783 456 2820 dotaret.
477 2784 555 2820 Sed
572 2796 661 2820 cum
678 2784 727 2820 ad
747 2790 824 2821 tam
842 2787 982 2823 multas
1006 2788 1211 2824 missiones
1235 2793 1274 2824 et
1296 2798 1413 2824 onera
1437 2788 1476 2824 in
1500 2788 1736 2834 Portugallia
1758 2787 1918 2824 ferenda

293 2843 404 2890 pauci
423 2849 556 2879 essent
573 2843 694 2880 nostri
711 2845 889 2892 operarii,
904 2845 1050 2892 justam
1068 2848 1310 2884 occasionem
1328 2848 1497 2884 habebat
1514 2847 1562 2884 P.
1587 2847 1709 2884 Miron
1731 2859 1813 2883 rem
1836 2846 1914 2884 dif-

293 2901 444 2938 ferendi
462 2908 501 2938 et
519 2902 559 2938 in
577 2902 681 2939 aliud
698 2907 851 2950 tempus
868 2905 1105 2951 rejiciendi».
