2014 3476
794 247 837 284 18
862 248 1032 284 Arruns
1062 253 1152 293 1554
1678 245 1746 292 143

142 351 189 394 in
212 365 314 396 essa
334 349 445 394 citta
465 364 516 394 se
539 350 741 394 fondassi
761 365 824 393 vn
847 348 1026 407 colegio
1053 347 1171 393 della
1201 348 1487 406 Compagnia
1514 349 1572 394 de
1594 350 1722 407 Jesu,
1747 348 1794 392 13

142 429 276 485 quale
298 429 324 472 e
346 434 468 471 sotto
497 428 539 471 el
576 442 782 484 gouerno
811 428 929 471 della
952 425 1210 471 reuerentia
1238 433 1409 479 vostra,
1447 426 1487 470 si
1521 427 1546 470 e
1583 440 1732 470 messa
1764 441 1793 470 3
1871 462 1877 468 ,

81 493 84 497 “
141 505 424 550 dessiderare
441 506 528 548 che
550 505 611 548 tal
633 519 771 562 opera
791 504 839 548 in
861 510 1023 561 questa
1045 502 1155 547 citta
1175 503 1214 547 si
1237 503 1547 560 essequischa.
1574 505 1612 547 E
1634 504 1742 560 pero
1764 518 1791 547 a

143 582 187 625 13
208 581 467 639 perfecione
489 583 545 625 de
567 590 729 638 questo
751 583 908 627 effetto
935 595 992 625 ne
1014 594 1041 624 a
1061 581 1280 637 deputato
1303 580 1395 634 noi,
1421 580 1544 636 quali
1573 580 1620 624 in
1653 595 1792 625 nome

145 659 192 703 di
213 673 316 703 essa
345 659 488 702 Illma.
520 659 787 716 preghiamo
816 660 874 703 V.
907 659 961 702 R.
993 641 1150 715 voglia
1177 658 1225 701 in
1256 658 1367 715 ogni
1395 658 1534 701 modo
1562 657 1791 715 compiac-

144 751 290 791 cerse,
314 737 571 780 mandando
586 750 780 793 persone
801 734 1056 780 sufficiente
1072 750 1098 778 a
1119 742 1249 792 poter
1272 735 1468 792 agiutar,
1494 742 1622 779 tanto
1643 736 1685 779 el
1706 749 1791 792 po-

145 814 254 871 pulo
276 819 446 870 quanto
467 814 511 857 la
527 812 767 870 giouentu,
787 813 906 857 nella
921 813 1076 856 buona
1092 812 1275 856 dotrina
1291 827 1316 856 e
1332 812 1544 866 costumi,
1565 811 1792 870 sperando

145 905 196 935 se
217 892 314 935 fara
333 890 380 934 in
411 897 571 946 questo
599 906 715 948 gran
742 890 936 935 seruicio
958 890 1001 934 31
1030 889 1187 947 signor
1212 889 1318 943 Dio,
1343 905 1370 935 e
1401 890 1576 947 grande
1597 889 1744 933 vtilita
1765 904 1793 933 a

145 975 306 1025 questa
334 975 488 1012 nostra
524 968 757 1025 republica
794 983 883 1012 con
920 969 964 1012 13
999 967 1200 1012 dottrina
1237 975 1283 1012 et
1319 967 1462 1011 buoni
1499 966 1711 1024 essempli
1733 967 1791 1011 de

143 1045 297 1101 quelli,
322 1047 408 1090 che
429 1045 665 1100 uenirano,
684 1045 743 1089 ali
760 1045 882 1102 quali
903 1060 996 1088 non
1017 1041 1067 1088 se
1089 1046 1332 1089 manchera
1349 1045 1406 1089 de
1423 1044 1591 1088 stantia
1608 1052 1654 1089 et
1671 1044 1790 1089 delle

140 1123 255 1166 altre
276 1136 382 1166 cose
403 1123 543 1166 alloro
564 1122 737 1176 viuere,
762 1122 960 1166 secondo
982 1122 1025 1165 13
1046 1122 1142 1165 loro
1164 1121 1462 1178 professione.
1487 1123 1560 1165 Da
1590 1121 1790 1166 Genoua

143 1214 171 1243 a
192 1201 237 1243 di
260 1214 348 1244 xm
372 1200 417 1243 di
440 1199 597 1256 Aprile
620 1213 813 1244 MDLIIII.
838 1201 898 1243 D.
924 1201 982 1244 V.
1009 1201 1084 1253 R„
1109 1202 1366 1255 sequuntur
1387 1199 1592 1242 nomina.

228 1279 444 1335 JAcossus
462 1278 822 1329 VILAMARINUS,
843 1276 1063 1328 notarius,
1085 1276 1413 1332 praefattorum
1435 1275 1790 1333 magnificorum

146 1353 448 1411 prouisorum,
473 1367 555 1397 seu
578 1354 898 1410 deputatorum
920 1352 1218 1396 cancellarius
1243 1354 1272 1395 ¹.

239 1431 498 1487 Inscriptio:
515 1430 551 1488 ᾧ,
566 1431 627 1474 ΑΙ
649 1431 788 1474 molto
806 1430 923 1474 Rdo.
943 1430 1035 1474 don
1051 1429 1236 1487 Ignacio
1253 1429 1306 1472 di>
1319 1429 1538 1485 Loyhola,
1559 1428 1792 1486 preposito

147 1508 365 1565 generale
387 1508 505 1552 della
527 1507 812 1565 Compagnia
833 1506 1019 1565 diJesu,
1040 1507 1084 1550 in
1103 1508 1263 1551 Roma.
1284 1505 1443 1564 Sigillz·
1464 1506 1729 1563 vestigium.

906 1745 1027 1786 792

601 1835 606 1840 '
672 1846 1003 1884 FRANcrchs
1029 1847 1263 1884 PALMIUS

521 1946 707 1989 PATRI
739 1945 1003 1988 IGNATIO
1037 1945 1120 1987 DE
1153 1945 1414 1988 LOYOLA

670 2059 860 2087 ΒοΝοΝιΑ
881 2050 923 2086 18
942 2058 1104 2086 APRILIS
1126 2058 1217 2096 1554
1242 2052 1271 2088 ².

148 2139 213 2184 Ad
230 2147 510 2184 bononiensem
525 2152 704 2183 senatum
717 2145 882 2191 accedit,
898 2151 941 2182 ut
953 2144 1003 2181 de
1017 2145 1231 2182 obtinendo
1244 2146 1344 2191 loco,
1360 2145 1472 2181 nobis
1487 2144 1643 2186 idoneo,
1658 2154 1790 2179 coram

221 2208 485 2254 agat.-Bon0
508 2207 636 2243 animo
659 2218 682 2241 a
710 2206 958 2242 senatoribus
983 2205 1192 2252 excipitur,
1217 2210 1461 2252 quatuorque
1492 2216 1542 2240 ex
1568 2213 1702 2239 eorum
1722 2215 1792 2238 nu-

219 2278 326 2302 mero
344 2266 558 2313 eliguntur,
576 2266 643 2314 qui
660 2265 860 2312 negotium
885 2265 1314 2312 pertractent.—Quae
1338 2265 1423 2300 loca
1447 2263 1637 2299 Societati
1663 2262 1792 2309 magis

221 2326 471 2363 accommoda
487 2325 708 2362 videantur.

954 2421 984 2479 ,Γ

240 2519 336 2562 Pax
357 2517 435 2562 X.i
460 2519 623 2562 Amen.
647 2519 762 2562 Rdo.
793 2517 840 2560 in
868 2516 954 2561 Χ.ο
985 2516 1147 2560 Padre.
1184 2515 1413 2559 Hauendo
1441 2515 1615 2558 ueduto
1638 2528 1718 2569 per
1742 2513 1786 2555 la

148 2594 421 2652 esperientia
442 2597 526 2639 che
548 2594 655 2638 tutti
675 2595 707 2637 li
723 2594 902 2651 disegni
923 2595 1009 2638 che
1024 2594 1088 2636 fin
1105 2607 1195 2648 qua
1210 2592 1423 2636 hauiamo
1443 2590 1542 2634 fatti
1560 2604 1652 2633 non
1669 2603 1786 2632 sono

145 2671 294 2729 potuti
314 2671 512 2726 riussire,
539 2687 602 2715 un
623 2671 784 2729 giorno
806 2671 1038 2728 pensando
1060 2685 1192 2726 sopra
1207 2685 1234 2713 a
1250 2677 1412 2725 questa
1428 2682 1550 2720 cosa,
1571 2666 1631 2710 mi
1650 2666 1787 2711 uiene

149 2748 197 2791 in
218 2756 372 2794 mente
393 2749 437 2792 d'
462 2749 602 2792 andar
623 2749 698 2794 nel
719 2748 973 2806 regimento
996 2754 1041 2792 et
1064 2746 1162 2791 farli
1190 2747 1386 2790 alchuno
1409 2745 1789 2802 raggionamento

148 2825 413 2882 persuasiuo
434 2840 567 2882 sopra
587 2827 674 2870 alla
695 2825 920 2870 necessita
941 2825 1116 2882 grande
1138 2825 1207 2867 ch'
1232 2823 1460 2875 hauiamo,
1490 2823 1535 2864 d'
1559 2823 1702 2864 hauet
1725 2834 1789 2865 un

222 2951 232 2971 ¹
282 2949 628 2996 ResponsumwSti.
648 2950 792 2997 Ignatii
816 2950 1010 2998 reperitur
1035 2949 1075 2985 in
1096 2948 1243 2985 Cartas
1261 2949 1308 2984 de
1339 2948 1424 2983 San
1450 2946 1630 2994 Ignacio,
1661 2950 1694 2980 t.
1729 2952 1788 2988 IV,

95 3008 104 3018 ⁹
148 3019 241 3056 pag.
260 3019 331 3054 449
350 3013 390 3044 et
411 3008 493 3045 130.

220 3068 235 3088 ²
283 3069 342 3104 Ex
359 3070 600 3116 autographo
618 3069 658 3119 in
676 3070 754 3108 vol.
773 3070 820 3115 E,
838 3069 985 3117 duplici
1002 3068 1110 3114 folio,
1130 3081 1173 3104 n.
1197 3068 1258 3114 48,
1277 3068 1383 3115 prius
1401 3075 1462 3112 77,
1482 3065 1541 3110 78.
