2014 3476
757 276 803 313 30
827 278 982 316 Mun-11
1009 285 1100 324 1554
1629 288 1695 325 129

114 382 175 426 do
200 383 230 435 ¹,
249 379 499 440 Joachimo.
520 380 624 424 Ana
640 380 836 424 seconda
852 386 898 423 et
915 386 1037 424 terza
1057 380 1202 424 classe
1223 380 1279 423 de
1307 380 1473 424 Carolo
1504 381 1745 425 habbiamo

109 459 224 503 ⁴dato
246 457 462 515 magistro
485 458 658 501 Ottone
678 457 713 510 ²,
736 463 783 500 et
798 471 879 513 per
894 471 984 500 vna
999 458 1110 500 hora
1126 456 1338 514 Rogeri-o:
1366 457 1514 512 questi
1536 457 1611 514 gia
1632 458 1747 503 detti

116 534 367 579 coadiutori
387 535 526 578 molto
556 534 647 577 ben
671 540 893 591 potranno
919 533 1230 591 enseignando
1251 533 1398 590 quelli¹
1413 534 1574 590 jouani
1602 534 1747 591 impa-

115 627 217 657 rare
246 612 596 669 perfettamente
630 611 674 654 la
703 610 863 668 lingua
893 611 1092 670 todesca,
1128 611 1251 669 *nella
1287 611 1420 666 quale
1458 611 1564 654 tutti
1595 613 1748 655 hanno

116 691 231 734 fatto
251 690 405 732 buono
427 703 668 745 progresso
690 695 787 731 esta
807 687 1062 741 inuernata,
1087 681 1184 732 et'li
1206 687 1281 731 doi
1308 687 1385 742 gia
1413 703 1524 731 sono
1546 688 1744 732 maestri:

116 767 148 810 11
179 773 246 810 tre
274 765 375 809 altri
401 767 554 809 hanno
585 767 782 808 anchora
813 765 979 810 sentito
1007 771 1126 809 tutto
1157 765 1188 808 il
1217 779 1347 809 corso
1379 766 1497 810 della
1526 765 1676 822 logica
1704 771 1750 811 et

118 843 403 901 philosophia
429 843 650 896 naturale,
681 843 800 887 nella
831 843 965 898 quale
995 856 1078 886 son
1103 844 1194 886 ben
1232 842 1420 903 fondati,
1452 850 1497 887 et
1527 850 1752 899 potranno

120 920 394 965 nondimeno
424 919 593 964 sentire
613 919 807 964 alchune
833 918 1021 964 lettione
1042 919 1298 976 publicche,
1322 935 1414 963 vna
1440 934 1467 963 0
1495 919 1586 973 (101,
1610 927 1656 963 et
1678 934 1751 964 es-

121 997 363 1042 sercitarsi.
390 998 443 1040 P.
470 998 561 1040 M.e
588 996 759 1039 Erardo
781 1002 938 1039 nostro
965 995 1112 1039 brixio
1133 998 1192 1040 ha
1207 1010 1323 1040 cura
1345 997 1462 1041 della
1488 996 1686 1039 viuanda
1707 1002 1754 1039 et

122 1072 542 1131 superintendentia
563 1073 650 1117 alla
671 1072 829 1116 cocina
850 1079 896 1116 et
918 1073 960 1116 al
981 1087 1108 1116 coco.

213 1151 410 1207 Quando
433 1149 644 1202 Martino,
670 1150 914 1194 Lamberto
935 1156 981 1194 et
1001 1149 1033 1192 11
1054 1149 1172 1202 altri,
1193 1150 1355 1194 furono
1373 1149 1580 1194 essortati
1601 1151 1659 1193 da
1679 1149 1755 1193 noi

121 1243 203 1286 per
224 1228 426 1272 riceuere
446 1226 477 1268 11
499 1225 644 1270 ordini
666 1225 797 1282 sacri,
823 1225 870 1268 in
891 1240 1090 1270 nessuno
1108 1226 1377 1270 trouassimo
1394 1226 1650 1272 resistentia
1671 1227 1758 1271 che

123 1303 379 1348 inNicolao
399 1301 662 1359 Lotaringo:
687 1309 734 1345 et
762 1301 850 1345 mai
880 1303 1003 1346 volse
1025 1302 1298 1356 consentire,
1330 1304 1506 1348 benche
1535 1303 1600 1347 sia
1627 1303 1759 1359 quasi

121 1381 156 1424 il
182 1380 260 1438 piu
280 1379 437 1425 veccio
458 1380 516 1424 de
544 1378 666 1431 tutti,
698 1386 744 1423 et
771 1393 863 1422 non
893 1393 1030 1435 seppe
1061 1379 1169 1424 dare
1201 1379 1439 1436 raggione,
1472 1381 1637 1437 perche
1666 1394 1759 1422 non

126 1473 175 1503 se
196 1463 463 1502 sottometea
492 1455 837 1512 simplicimente
865 1470 993 1499 come
1015 1455 1046 1498 11
1079 1456 1180 1499 altri
1208 1457 1250 1500 al
1278 1456 1444 1500 iudicio
1475 1457 1580 1502 delli
1608 1471 1761 1501 sacer-

126 1534 221 1579 doti
251 1534 296 1579 di
318 1548 436 1578 casa.
473 1533 666 1586 Adesso,
691 1533 924 1589 pensando
955 1534 1040 1576 che
1072 1535 1267 1578 hauesse
1293 1541 1468 1577 mutato
1499 1534 1648 1590 quella
1679 1547 1763 1576 sua

125 1611 333 1666 fantasia,
357 1611 400 1654 10
422 1610 662 1654 habbiamo
684 1609 957 1653 essaminato
979 1617 1026 1653 et
1048 1617 1223 1654 tentato
1244 1624 1331 1654 con
1353 1610 1563 1667 raggioni
1585 1618 1630 1654 et
1653 1610 1762 1668 ogni

126 1688 377 1746 diligentia,
401 1702 475 1731 ma
495 1702 588 1731 non
610 1702 658 1732 se
679 1686 817 1730 lascia
839 1687 1113 1744 persuadere
1134 1687 1192 1731 de
1213 1702 1428 1739 nessuno,
1454 1687 1498 1730 di
1522 1689 1656 1731 modo
1678 1690 1764 1733 che

127 1767 218 1809 don
238 1765 426 1809 Nicolao
451 1764 676 1808 Gaudano
699 1771 745 1808 et
765 1770 921 1807 nostro
952 1763 1164 1817 Marfino,
1190 1763 1264 1807 alli
1293 1764 1414 1820 quali
1436 1771 1765 1809 secretamente

127 1841 368 1886 habbiamo
399 1840 753 1884 ricommandato
787 1833 947 1896 quest‘a
978 1854 1116 1884 causa
1141 1847 1187 1884 et
1214 1840 1419 1884 carricho
1447 1841 1504 1884 de
1531 1841 1710 1884 indurlo
1738 1856 1767 1885 3

130 1934 236 1964 0053
258 1925 384 1962 tanto
405 1925 551 1971 santa,
582 1932 674 1961 non
699 1918 852 1960 hanno
881 1923 1040 1973 potuto
1062 1931 1227 1962 cauare
1248 1919 1306 1961 de
1328 1925 1489 1973 questa
1516 1918 1766 1962 essamina-

127 1996 251 2041 tione
271 2010 413 2039 senon
434 1994 663 2051 opinione,
689 2009 780 2037 non
802 2008 852 2037 so
875 1994 1040 2049 qualle,
1067 1994 1141 2037 dal
1162 1994 1450 2039 essaminato.
1472 1995 1557 2039 Lui
1580 2009 1692 2051 pure
1715 2010 1768 2040 se

131 2079 323 2117 remette
349 2073 695 2116 obscuramente
723 2086 750 2114 3
780 2072 835 2115 V.
870 2072 924 2114 R.
956 2078 1002 2113 et
1030 2072 1091 2113 m'
1123 2086 1149 2114 3
1180 2071 1456 2115 domandato
1489 2087 1538 2117 se
1569 2087 1660 2115 non
1693 2087 1767 2116 me

131 2149 251 2194 disse
271 2149 426 2194 niente
446 2148 503 2191 de
523 2148 587 2190 lui
608 2148 790 2203 quando
806 2147 1074 2204 partessimo
1096 2148 1153 2192 de
1175 2149 1321 2191 Roma
1343 2163 1424 2204 per
1450 2148 1639 2192 Vienna.
1666 2151 1713 2193 Io
1735 2150 1768 2192 11

133 2225 294 2283 risposi
314 2226 371 2269 de
393 2239 499 2277 non,
525 2231 571 2269 et
592 2224 653 2267 mi
681 2237 812 2280 parse
840 2231 1001 2280 questa
1028 2224 1254 2268 domanda
1281 2240 1367 2268 vna
1402 2225 1586 2270 fictione
1614 2233 1660 2271 et
1686 2241 1768 2282 pa-

135 2302 219 2356 zia‚
244 2303 408 2359 perche
427 2302 471 2359 (li
493 2301 601 2345 dissi
623 2301 680 2358 io)
703 2301 741 2344 si
762 2300 912 2344 inanzi
929 2303 1014 2346 che
1031 2301 1299 2357 partessimo
1321 2302 1380 2346 da
1397 2304 1539 2346 Roma
1555 2303 1768 2346 habbiate

135 2380 336 2436 palesato
357 2379 400 2422 31
429 2379 575 2422 Padre
602 2384 760 2422 nostro
788 2380 878 2435 M.e
905 2377 1083 2434 Ignatio
1111 2378 1306 2422 alchuno
1338 2378 1660 2436 impedimento
1688 2395 1771 2436 per

136 2456 169 2499 il
190 2456 322 2512 quale
343 2462 514 2500 sareste
534 2454 732 2498 inhabile
753 2455 796 2498 al
817 2454 1086 2508 sacerdotio,
1111 2469 1203 2498 non
1231 2455 1323 2512 egli
1345 2457 1370 2499 0
1391 2457 1450 2500 da
1477 2445 1662 2501 credere
1684 2459 1769 2501 che

137 2532 183 2576 vi
201 2534 395 2577 hauesse
415 2533 628 2575 mandato
649 2532 691 2575 al
712 2531 880 2584 studio,
905 2532 962 2574 ne
985 2530 1100 2575 saria
1122 2546 1229 2575 cosa
1250 2533 1522 2587 necessaria,
1542 2535 1600 2577 ne
1623 2535 1770 2576 ancho

139 2608 468 2666 raggioneuole
498 2609 555 2651 de
586 2608 786 2652 studiare
819 2608 933 2652 tanti
965 2607 1069 2651 anni
1094 2622 1176 2665 per
1206 2614 1326 2652 stare
1354 2609 1400 2652 in
1432 2610 1610 2663 cucina,
1640 2624 1770 2652 como

141 2700 248 2742 pare
274 2688 358 2729 che
383 2686 664 2742 pretendete.
693 2685 735 2728 O
764 2691 1026 2729 veramente
1053 2699 1135 2729 sua
1167 2686 1250 2729 Ra
1271 2685 1317 2728 vi
1344 2687 1403 2729 ha
1426 2701 1657 2742 promesso
1685 2687 1771 2730 che

143 2776 233 2805 non
256 2761 504 2806 riceuerete
525 2761 556 2804 li
577 2760 724 2804 ordini
751 2760 867 2805 sacri
889 2768 1016 2804 tanto
1044 2768 1212 2817 presto,
1238 2777 1312 2805 ma
1342 2763 1448 2806 forsi
1478 2763 1658 2818 quando
1687 2764 1772 2805 ha-

143 2845 298 2882 uerete
318 2845 631 2881 consummato
652 2836 836 2894 meiglio
858 2837 889 2879 il
911 2850 1041 2880 corso
1062 2838 1167 2881 delli
1190 2838 1328 2882 studii
1351 2838 1506 2882 vostri:
1542 2846 1587 2882 et
1609 2845 1773 2893 questo

142 2929 251 2967 non,
276 2915 441 2970 perche
461 2914 731 2957 bastarebbe
751 2928 836 2970 pur
863 2913 979 2958 assai
1012 2921 1173 2970 questa
1195 2915 1415 2972 raggione
1437 2930 1514 2971 per
1536 2928 1708 2959 serrare

218 3023 227 3043 ¹
278 3019 446 3055 Erardus
465 3019 709 3054 Avantianus
726 3020 940 3063 (Dawant).

215 3078 230 3098 ¹
278 3078 374 3116 Otto
391 3077 589 3124 Canisius,
607 3077 684 3113 Bti.
704 3077 811 3113 Petri
829 3089 874 3114 ac
891 3078 1126 3114 Theodorici
1144 3078 1282 3115 frater.

320 3149 514 3178 EmsroLAss
533 3147 680 3183 Μαι-ΑΕ,
700 3155 776 3176 rou.
797 3155 848 3177 ιν.
1578 3150 1595 3176 9
