2060 3450
308 245 377 282 544
797 237 1036 272 EP1s'roLAE
1062 233 1350 280 Mix‘rAE—932

259 337 428 395 dialogi
448 344 494 382 et
514 337 614 381 altri
643 336 779 390 uersi,
812 336 844 379 il
866 338 951 380 che
972 336 997 379 0
1025 335 1071 378 (11
1099 335 1251 378 buona
1278 334 1566 391 importantia
1594 350 1673 392 per
1698 333 1896 392 aggiuto

260 415 305 458 di
326 421 487 470 questo
515 414 719 471 collegio.
751 415 912 470 Legge
939 413 1136 456 anchora
1163 426 1256 454 una
1284 411 1471 456 lettione
1498 426 1524 455 a
1550 408 1743 455 'scholari
1772 412 1882 455 fora-

259 491 382 535 stieri
403 492 461 535 de
482 498 578 535 arte
600 488 940 542 uersificatoria,
965 495 1010 532 et
1033 489 1078 531 fa
1098 487 1282 532 l'officio
1307 488 1364 532 de
1391 487 1612 541 ministro,
1642 495 1689 532 et
1711 489 1754 532 fa
1775 489 1897 533 bene

258 569 290 612 il
311 575 446 612 tutto:
472 569 590 625 dopo
611 570 695 611 che
716 567 834 611 senti
855 568 1035 609 haueua
1058 565 1116 608 da
1139 571 1320 610 tornare
1347 580 1374 608 a
1397 566 1539 609 Roma
1567 580 1648 622 per
1674 565 1892 620 studiare,

259 661 366 703 pare
388 645 429 689 ci
451 646 517 689 sia
538 651 657 688 stato
680 643 797 687 assai
814 642 1048 686 inclinato.

348 724 383 766 Il
420 723 594 766 fratello
630 721 813 765 Giouan
851 718 1086 763 Anthonio
1115 718 1367 775 Viperano,
1397 718 1615 772 siciliano,
1657 720 1775 776 dopo
1810 721 1900 763 che*

261 800 394 845 uiene
416 814 520 855 qua,
545 800 605 841 ha
626 805 742 841 retta
762 798 806 840 la
826 796 970 853 prima
992 796 1152 848 013330,
1174 802 1219 839 01
1242 795 1359 839 33331
1380 796 1513 849 bene,
1539 802 1583 840 et
1607 796 1722 839 oltra
1737 796 1781 839 la
1797 797 1895 840 suf-

261 876 459 920 ficientia
476 876 612 919 ch’ha
628 875 747 919 nella
762 873 921 930 lingua
937 872 1077 916 latina
1098 878 1145 916 et
1161 886 1313 929 greca,
1339 879 1656 929 prontamente
1677 872 1834 930 agiuta
1849 872 1897 916 in

263 954 411 1010 quelle
432 961 477 996 et
501 950 722 996 forastieri
743 957 789 995 et
805 949 1057 1004 domestici3
1078 957 1124 993 et
1146 949 1203 1008 [0]
1221 949 1266 992 (11
1288 950 1427 993 1110110
1443 950 1596 993 buona
1611 949 1901 994 edificatione-

263 1045 343 1087 per
370 1031 413 1073 13
440 1044 552 1073 31103
580 1029 754 1085 grande
780 1026 1050 1083 semplicita3
1082 1027 1108 1070 e
1134 1026 1179 1070 di
1210 1041 1323 1083 poca
1349 1026 1690 1071 dimostratione
1727 1033 1898 1084 quanto

265 1108 351 1151 alla
373 1121 566 1163 persona
588 1120 715 1148 suoa:
741 1106 766 1148 e
788 1105 878 1149 ben
898 1118 1024 1148 sano.

352 1185 387 1227 Il
417 1183 593 1226 fratello
627 1181 780 1225 Pietro
808 1180 955 1238 Regio
983 1194 1127 1237 regge
1154 1181 1197 1224 la
1225 1181 1427 1225 secunda
1454 1181 1597 1224 classe
1625 1195 1711 1224 con
1747 1182 1899 1225 buona

199 1250 202 1254 ’
265 1267 510 1318 prontezza
531 1265 577 1303 et
598 1259 847 1311 destrezza,
869 1265 914 1302 et
936 1258 1039 1314 lege
1061 1259 1206 1300 anche
1233 1258 1277 1300 13
1305 1257 1554 1311 gramatica
1579 1271 1717 1314 greca
1744 1258 1802 1301 ad
1833 1258 1902 1301 al-

265 1336 427 1393 quanti-
448 1336 641 1380 scholari
665 1334 904 1379 forastieri.
931 1334 985 1379 Li
1005 1333 1277 1391 portamenti
1298 1333 1397 1377 suoi
1420 1349 1554 1378 uerso
1580 1335 1624 1378 13
1645 1334 1901 1380 obedientia

265 1422 311 1460 et
334 1414 439 1471 quei
456 1413 501 1457 di
523 1428 628 1457 casa
643 1428 725 1457 son
744 1413 884 1456 molto
900 1411 1057 1456 buoni.
1080 1413 1122 1455 A
1140 1412 1204 1455 lui
1220 1419 1266 1455 et
1282 1412 1324 1455 31
1342 1412 1516 1456 fratello
1540 1413 1746 1456 Emondo
1763 1413 1905 1469 legge

265 1492 295 1535 il
318 1491 494 1534 fratello
515 1489 699 1535 Giouan
721 1489 976 1542 Anthonio,
1002 1489 1184 1544 quando
1207 1503 1255 1532 se
1277 1489 1385 1546 puo,
1406 1503 1497 1533 una
1517 1488 1706 1533 lettione
1722 1488 1769 1532 in
1792 1503 1900 1546 gre-

265 1583 337 1622 co,
363 1575 409 1611 et
433 1567 547 1611 faeci
569 1569 694 1610 buon
715 1568 872 1610 frutto:
897 1572 967 1609 sta
987 1567 1077 1609 ben
1099 1580 1226 1609 sano.

355 1646 390 1688 Il
413 1645 588 1689 fratello
612 1643 836 1700 Henrigo,
861 1643 1106 1699 fiamengo,
1125 1644 1185 1686 ha
1205 1643 1249 1686 la
1273 1656 1297 1698 3
1320 1643 1480 1697 classe,
1500 1650 1547 1688 et
1563 1643 1649 1687 faci
1668 1644 1809 1686 frutto
1825 1642 1902 1686 alli

266 1722 476 1766 scholari:
502 1721 687 1765 attende
708 1735 734 1763 a
757 1719 956 1763 fondarsi
977 1721 1066 1764 ben
1088 1720 1204 1764 bene
1226 1719 1273 1763 in
1295 1719 1558 1776 gramatica,
1579 1727 1624 1765 et
1641 1719 1898 1763 dimostrasi

267 1799 313 1842 in
333 1798 398 1841 lui
419 1812 538 1841 uena
560 1797 605 1840 di
627 1796 795 1853 poesia,
822 1797 940 1840 doue
963 1797 1006 1840 fa
1028 1797 1184 1840 frutto:
1211 1798 1236 1839 e
1258 1796 1304 1839 di
1334 1797 1486 1841 buona
1512 1796 1814 1850 edificatione,
1852 1803 1897 1841 et

267 1875 524 1920 obediente.
551 1875 617 1918 La
638 1873 783 1917 sanita
805 1888 919 1916 suoa
940 1874 965 1916 0
992 1874 1135 1916 1110110
1162 1873 1368 1918 dubiosa:
1394 1888 1475 1930 per
1502 1874 1662 1917 adesso
1690 1881 1760 1917 sta
1782 1889 1896 1930 poco

269 1954 409 1998 bene:
441 1953 500 1995 ha
528 1966 642 2008 gran
670 1951 913 1994 debolezza
939 1950 985 1993 di
1013 1965 1126 2007 capo
1154 1957 1201 1994 et
1228 1950 1500 1994 uentricolo:
1525 1951 1583 1994 110
1612 1950 1826 2007 uegiamo
1858 1951 1896 1994 si

266 2044 399 2087 possa
437 2030 517 2071 far’
550 2028 841 2071 fondamento
869 2042 1001 2084 sopra
1028 2028 1102 2072 del
1128 2027 1320 2084 aggiuto
1351 2042 1435 2071 suo
1471 2027 1517 2070 in
1539 2042 1767 2084 gouernar
1803 2042 1894 2072 una

265 2107 424 2151 classe.
450 2106 583 2150 Della
604 2104 784 2148 malatia
805 2119 917 2147 suoa
938 2119 1030 2148 non
1051 2106 1141 2148 han
1165 2106 1250 2149 che
1271 2105 1368 2149 dire
1389 2104 1404 2147 i
1426 2104 1603 2149 medici.

353 2184 388 2227 Il
411 2183 586 2227 fratello
608 2184 850 2234 Thomaso‚
876 2196 1078 2236 romano,
1103 2181 1223 2226 tiene
1240 2182 1283 2226 la
1298 2181 1455 2225 ultima
1472 2183 1631 2237 classe,
1652 2189 1697 2227 et
1713 2198 1763 2227 sa
1779 2183 1897 2227 assai

265 2262 356 2304 ben
377 2261 618 2317 gouernar’
642 2259 673 2301 li
696 2258 828 2315 picoli
850 2258 1057 2302 scholari.
1083 2260 1155 2303 De
1177 2259 1288 2302 farlo
1309 2258 1524 2312 studiare,
1550 2274 1641 2303 non
1664 2260 1716 2303 00
1739 2275 1891 2315 uers03

266 2352 354 2381 con
377 2344 497 2380 tutto
519 2335 589 2379 cio
610 2337 696 2380 che
717 2336 749 2377 ’1
772 2336 947 2379 fratello
968 2337 1054 2379 che
1075 2335 1302 2393 l'insegna
1322 2335 1354 2378 li
1376 2337 1493 2379 uada
1515 2351 1540 2379 a
1562 2336 1794 2391 ricordar’,
1819 2353 1893 2382 03-

265 2416 443 2466 sortar’‚
470 2420 515 2458 et
537 2414 733 2470 pregar',
760 2427 854 2455 non
875 2426 982 2468 pare
1005 2412 1159 2469 uoglia
1180 2412 1399 2469 imparare
1419 2420 1571 2457 mente
1592 2429 1618 2457 a
1645 2421 1811 2467 mente,
1847 2421 1893 2458 et

265 2490 374 2547 ogni
402 2490 547 2546 picola
576 2489 812 2533 occasione
840 2490 969 2533 basta
996 2504 1075 2545 per
1101 2489 1260 2534 leuarli
1287 2490 1331 2533 lo
1359 2489 1531 2544 studio;
1556 2492 1665 2547 pero
1693 2505 1766 2534 me
1793 2490 1894 2535 dice

265 2568 490 2623 alquando
512 2569 596 2611 che
617 2566 648 2609 li
671 2573 807 2623 gusta
826 2566 871 2609 lo
894 2566 1067 2610 studio:
1097 2567 1210 2610 altre
1239 2567 1362 2610 uolta
1390 2566 1491 2612 dice
1518 2583 1610 2611 non
1637 2569 1780 2613 hauer
1801 2568 1895 2611 nis—

265 2659 380 2688 suna
403 2644 595 2687 fantasia
617 2645 770 2688 desser
793 2644 850 2687 de
871 2643 1038 2696 studio,
1069 2659 1142 2687 ma
1170 2645 1259 2688 ben
1282 2643 1346 2700 gli
1373 2644 1567 2700 piaceria
1595 2658 1718 2689 esser
1745 2644 1892 2701 sagri-

264 2728 410 2765 stano:
436 2721 480 2763 in
502 2736 612 2765 uero
636 2722 661 2764 0
682 2721 755 2764 del
777 2727 897 2763 tutto
919 2722 1024 2764 dato
1047 2728 1092 2766 et
1115 2720 1245 2776 quasi
1266 2735 1391 2764 meso
1414 2721 1461 2779 (?)
1485 2736 1510 2764 a
1537 2722 1598 2764 tal
1619 2721 1783 2774 officio,
1813 2737 1903 2778 pera

263 2805 398 2842 conto
426 2799 499 2842 del
527 2799 633 2854 qual
661 2799 874 2853 alquante
902 2798 1024 2841 110110
1053 2805 1211 2841 contra
1239 2798 1356 2842 della
1378 2797 1635 2842 obedientia
1672 2799 1697 2841 0
1725 2799 1891 2842 311(1310

265 2889 341 2930 per
363 2875 406 2918 la
429 2882 548 2919 terra
565 2881 610 2918 et
632 2874 894 2917 monasterii
915 2889 995 2930 per
1016 2874 1267 2931 paramenti
1285 2875 1402 2918 della
1424 2874 1607 2919 chiesia.
1634 2876 1684 2918 In
1705 2889 1812 2919 cose
1833 2875 1891 2919 de

263 2951 369 2995 bere
391 2959 437 2996 et
459 2951 692 3008 mangiare
713 2951 739 2994 0
760 2951 898 2994 molto
920 2951 1102 2996 difficile
1123 2951 1256 3008 fargli
1278 2965 1512 2995 osseruare
1534 2953 1705 3008 regole,
1731 2957 1890 2995 contra

264 3029 305 3071 10
328 3029 449 3084 quali
472 3043 627 3085 spesso
648 3027 695 3071 in
716 3027 942 3084 presentia
963 3029 1019 3072 de
1041 3028 1114 3072 chi
1135 3030 1194 3072 ha
1215 3029 1257 3072 la
1278 3043 1386 3072 cura
1402 3029 1519 3072 della
1535 3028 1760 3086 dispensa,
1779 3043 1891 3085 apre
