2034 3476
770 289 815 316 10
841 280 1033 319 Anaus'm
1062 287 1154 326 1554
1659 290 1731 328 297

143 383 186 427 13
207 383 476 439 Compaffia.
499 382 838 439 ·Spe‹;ia1mente
859 396 932 426 me
956 396 1015 425 an
1033 381 1228 426 hablado
1249 381 1306 426 de
1323 382 1406 426 dos
1427 382 1673 438 benefioios
1690 398 1780 439 que

141 462 353 516 querrian
370 459 564 516 algunos
581 459 767 515 annejar
783 462 810 503 a
825 465 921 504 este
941 458 1136 515 colegio,
1156 472 1274 515 cuya
1290 458 1582 503 information
1604 458 1670 503 ira
1691 474 1777 504 0011

140 543 281 591 otras,
304 550 413 592 para
434 549 523 592 que
546 537 632 579 3113
654 537 712 580 V.
739 537 793 580 P.
819 550 920 589 vea,
944 534 984 580 si
1004 548 1053 579 es
1075 550 1186 579 cosa
1202 549 1291 591 que
1307 536 1547 591 conujene,
1566 540 1595 579 ὁ
1616 539 1705 592 que
1726 551 1776 582 se

143 614 291 670 puede
311 614 463 657 hazer.

230 689 452 733 Tambien
473 690 515 733 el
536 689 681 746 virey,
706 688 1056 745 offreseiendose
1077 703 1199 742 caso,
1219 689 1409 745 scriujra
1425 690 1468 732 al
1489 690 1773 746 emperador,

142 781 251 823 pam
273 781 362 822 que
389 780 640 823 proveyese
667 770 772 822 aqui
800 767 858 810 de
885 766 1054 823 alguna
1081 766 1290 819 abbadia,
1322 781 1454 810 como
1480 767 1548 810 135
1570 767 1631 811 (10
1659 766 1778 812 Sici-

141 842 201 887 lia
234 845 263 887 ¹.
299 845 412 901 Jesu
443 844 563 900 Xpo.
600 850 787 888 nuestro
818 849 970 898 sefior,
1005 844 1169 887 author
1198 844 1258 888 de
1291 844 1400 886 todo
1433 850 1620 888 nuestro
1652 843 1775 897 bien,

139 920 418 965 acresciente
440 920 484 963 lo
506 935 594 976 que
617 923 721 977 aqui
744 935 770 964 a
792 920 1068 975 comeneado
1090 924 1117 963 3
1137 919 1286 974 obrar‚
1310 935 1340 976 y
1356 920 1414 964 (10
1435 924 1462 963 a
1484 921 1542 964 V.
1569 922 1622 964 P.
1648 921 1776 978 larga

140 1012 171 1054 y
194 1004 326 1040 santa
346 997 467 1050 vida,
493 1012 601 1054 para
623 1012 713 1054 que
734 1002 760 1041 a
778 997 909 1041 todos
929 1011 1008 1041 sus
1029 996 1147 1053 hijos
1168 996 1252 1052 rija
1272 1013 1302 1054 y
1322 997 1543 1054 govierne
1564 1002 1590 1041 3
1610 999 1776 1042 honrra

140 1090 172 1131 y
193 1074 341 1131 gloria
361 1075 419 1119 de
440 1089 496 1118 su
516 1074 672 1131 diuj-na
693 1080 935 1131 magestat.
960 1074 1126 1122 Amen.
1146 1075 1217 1118 De
1237 1075 1474 1132 Caragooa
1489 1087 1518 1129 4
1539 1075 1597 1119 de
1617 1075 1774 1132 Agos-

136 1157 184 1194 to
213 1162 339 1206 1554.
360 1153 431 1196 De
453 1152 510 1195 V.
540 1154 592 1195 P.
619 1151 769 1196 sieruo
789 1166 848 1197 en
864 1153 975 1209 Jesu
997 1152 1138 1208 Xpo.,

1193 1227 1223 1286 †
1255 1229 1466 1273 STRADA.
1502 1227 1532 1286 -Ι-

226 1305 491 1362 Inscriptio:
512 1305 541 1363 †
563 1305 625 1350 Al
645 1319 754 1361 muy
776 1305 892 1349 Rdo.
919 1306 1066 1351 Padre
1088 1311 1275 1352 nuestro
1297 1320 1355 1350 en
1376 1306 1517 1362 Xpo.,
1542 1306 1584 1350 el
1607 1306 1661 1349 Ρ.
1681 1306 1773 1349 M.ov
1809 1366 1829 1373 X

138 1382 341 1439 anatio
363 1383 420 1426 de
442 1383 628 1439 Loy01a‚
653 1381 881 1439 preposito
910 1383 1096 1439 general
1122 1384 1180 1427 de
1201 1383 1244 1426 13
1272 1383 1522 1439 Compafiia
1545 1383 1602 1426 (10
1616 1384 1769 1441 Jews,

139 1473 198 1502 en
219 1460 377 1503 Roma.
666 1492 670 1496 -

225 1536 334 1579 Alia
355 1550 514 1579 manu:
542 1546 669 1591 1554.
696 1536 946 1593 Caragoea.
972 1536 1059 1581 Del
1082 1538 1135 1580 P.
1156 1536 1339 1582 Strada.
1365 1549 1394 1591 4
1415 1537 1473 1581 de
1494 1537 1687 1593 Agosto.
1721 1549 1773 1594 19

133 1613 194 1657 de
213 1613 428 1657 Ottobre.

890 1848 1012 1890 846

627 1949 868 1996 JOANNES
896 1949 1263 1987 PELLETARIUS

427 2035 639 2078 PATRI
679 2034 941 2092 JOANNI
988 2035 1080 2077 DE
1128 2034 1470 2078 POLANCO

582 2135 794 2163 FERRARlA
835 2135 880 2163 10
918 2135 1103 2164 AUGUSTI
1145 2135 1236 2172 1554
1272 2130 1304 2163 2.

125 2209 234 2263 Quid
250 2209 290 2246 in
306 2210 538 2258 quibusdam
557 2209 674 2246 sociis
692 2209 777 2258 ipse
807 2211 1053 2246 notet.-De
1080 2221 1123 2245 se
1148 2209 1320 2246 demisse
1347 2210 1692 2247 sentit.-Gaudet
1719 2210 1768 2246 de

194 2268 401 2305 Societatis
419 2269 950 2306 incremento.—Adrianum
969 2268 1190 2306 Candidum
1203 2269 1285 2316 jam
1299 2269 1502 2306 Coloniam
1521 2269 1766 2317 pervenisse,

195 2329 499 2375 putat.—Maria
515 2329 579 2365 del
597 2328 725 2365 Gesso
748 2329 907 2376 collegii
932 2327 1177 2365 ferrariensis
1203 2340 1342 2376 reapse
1366 2329 1564 2366 fundatrix
1589 2329 1768 2365 habenda

196 2393 270 2424 est:
291 2387 375 2436 ipsa
393 2394 524 2425 tamen
541 2388 657 2436 hujus
674 2388 732 2425 rei
749 2390 936 2425 honorem
954 2388 1136 2435 negligit.

900 2478 984 2558 nis.

219 2610 314 2652 Pax
346 2608 425 2652 X.i
463 2609 604 2654 Molto
637 2610 752 2653 Rdo.
791 2609 953 2653 Padre.
990 2608 1214 2652 Riceuuto
1242 2610 1301 2652 ho
1330 2609 1372 2653 le
1393 2615 1522 2652 sante
1545 2607 1766 2651 ammoni—

128 2683 275 2727 tionni
297 2686 353 2729 de
376 2686 433 2729 V.
460 2687 513 2730 R.
540 2685 659 2729 circa
679 2685 711 2728 il
734 2685 907 2730 fratello
926 2687 988 2730 M.
1015 2686 1283 2729 Francesco.
1305 2686 1352 2728 Io
1370 2685 1506 2729 credo
1523 2686 1608 2728 0110
1630 2684 1673 2727 13
1689 2683 1769 2739 pisi

137 2767 263 2817 parte
283 2775 433 2818 venga
454 2763 554 2806 dele
575 2762 664 2808 mie
684 2761 1007 2820 imperfettioni
1028 2762 1084 2807 de
1104 2762 1148 2805 13
1169 2776 1252 2809 sua
1274 2761 1540 2813 tentatione,
1565 2762 1608 2803 13
1635 2761 1770 2816 quale

135 2836 214 2893 gia
233 2851 339 2893 pare
361 2845 556 2894 passam,
582 2840 746 2895 perche
767 2841 804 2883 s’
829 2839 854 2883 0
876 2839 1019 2884 molto
1041 2838 1360 2892 riconosciuto,
1382 2853 1454 2882 ma
1475 2837 1521 2880 in
1543 2852 1604 2879 vn
1628 2843 1769 2880 tratto

204 2962 216 2983 ¹
267 2961 341 2998 Ms.
363 2961 545 3001 Scicilia.
570 2961 671 2999 Vide
689 2961 802 3005 infra,
822 2961 939 3010 epist.
959 2961 1100 3006 Didaci
1118 2961 1294 2999 Hurtado
1309 2961 1358 2998 de
1376 2961 1566 2997 Mendoza
1582 2959 1632 2997 ad
1656 2960 1771 3006 Igna-

136 3018 251 3066 tium,
269 3028 315 3065 27
332 3019 517 3058 Octobris
534 3020 678 3059 datam.

199 3081 213 3100 ²
263 3079 322 3114 Ex
336 3081 576 3127 autographo
594 3080 634 3116 in
651 3081 728 3116 vol.
747 3081 794 3125 E,
812 3080 928 3121 unico
945 3080 1054 3127 folio,
1072 3093 1113 3121 n.
1139 3080 1201 3127 61,
1220 3080 1328 3128 prius
1352 3089 1432 3117 101.
