2014 3470
290 258 361 305 378
783 262 1024 298 prsToLAE
1056 260 1343 306 M1x'rAE—869

334 363 485 413 Pater,
510 361 640 406 cuius
661 361 848 419 imperio
869 363 983 406 haec
1005 360 1153 405 scribo
1185 360 1238 418 (is
1265 360 1385 405 enim
1413 360 1630 418 proximis
1658 361 1798 406 literis
1819 364 1880 408 de

243 438 409 481 nostris
431 440 567 483 rebus
590 439 735 483 fusius
763 438 1039 491 admonebit,
1071 452 1187 494 quae
1208 452 1421 495 prospere
1449 439 1732 496 succedunt),
1763 441 1877 483 haec

243 515 335 558 duo
355 529 412 558 ex
432 522 560 572 parte
581 516 680 560 eius
701 515 833 560 adiici
854 515 1013 559 voluit.
1040 516 1211 568 Vnum,
1229 515 1350 571 quod
1373 515 1468 572 ipse
1490 530 1774 572 summopere
1795 531 1865 560 ex-

241 598 366 647 petat
386 606 565 636 mecum
587 599 935 636 commemorata
957 590 1108 635 studia
1130 598 1348 648 repetere:
1375 592 1582 645 alterum,
1603 593 1740 648 quod,
1760 607 1878 636 cun-

243 667 328 711 ctis
349 675 502 715 mente
523 669 727 727 agitatis,
759 683 859 713 sese
887 668 1148 713 decreuisse
1173 670 1231 712 D.
1266 667 1545 713 Gulielmum
1567 668 1768 714 mittere:
1800 684 1877 714 me

243 751 412 800 autem,
438 747 497 790 ob
518 746 733 790 maiorem
756 745 1019 800 utilitatem,
1045 744 1240 789 retinere
1262 744 1371 806 [sic].

334 824 458 868 Bene
483 824 627 874 ualeo,
653 823 740 868 Dei
761 822 1004 876 beneficio,
1037 829 1083 867 et
1110 837 1212 866 sum
1233 822 1430 867 maxime
1451 822 1605 879 quieto
1633 823 1805 876 animo,
1832 830 1881 868 et

244 913 410 956 magna
431 900 740 944 consolatione
761 901 966 952 affectus,
992 900 1115 955 quod
1138 900 1336 952 tandem,
1361 906 1465 956 post
1483 907 1622 953 tuam,
1643 899 1885 945 inciderim

244 975 291 1018 in
313 976 379 1020 tui
401 976 669 1021 simillimam
692 976 990 1033 disciplinam,
1015 975 1062 1020 in
1083 991 1173 1032 qua
1193 982 1238 1020 et
1260 990 1438 1033 semper
1454 975 1681 1033 exoptaui,
1707 982 1753 1021 et
1768 990 1881 1020 exo-

245 1059 321 1109 pto
343 1053 500 1098 viuere
523 1060 568 1098 et
590 1053 721 1097 mori.

334 1130 447 1175 Sum
462 1131 580 1175 bene
592 1131 782 1174 affectus
795 1130 852 1174 ad
869 1129 1188 1183 sacerdotium,
1205 1144 1310 1173 nam
1327 1130 1438 1174 illud
1453 1139 1631 1187 semper
1648 1129 1734 1173 fuit
1749 1144 1881 1174 meus

245 1220 424 1263 scopus.
451 1207 692 1251 Caeterum
716 1206 914 1250 officium
935 1206 1078 1259 vides,
1103 1205 1150 1250 in
1172 1221 1263 1263 quo
1291 1195 1403 1250 sum*
1421 1206 1713 1260 constitutus,
1739 1213 1785 1251 et
1804 1206 1882 1250 hic

244 1283 390 1340 magis
417 1298 517 1328 mea
545 1298 682 1340 opera
709 1283 756 1326 in
784 1282 1146 1328 commemoratis
1174 1282 1362 1338 artibus,
1397 1298 1533 1339 quam
1564 1283 1611 1327 in
1639 1282 1881 1328 sacerdotii

245 1359 481 1404 functione
511 1359 809 1405 desideratur.
841 1361 1014 1405 Verum
1041 1360 1195 1405 nescio
1223 1374 1314 1416 quo
1341 1361 1475 1404 modo
1502 1360 1650 1418 magis
1677 1361 1795 1405 ferar
1823 1355 1882 1403 ad

243 1438 326 1480 has
348 1437 606 1494 disciplinas
627 1438 760 1480 modo
783 1438 1058 1491 tractandas,
1082 1451 1217 1493 quam
1246 1438 1303 1481 ad
1330 1437 1662 1491 sacerdocium,
1693 1443 1879 1494 propter

243 1513 486 1558 instantem
520 1513 837 1559 necessitatem
864 1520 911 1557 et
939 1529 1085 1559 meam
1117 1514 1333 1558 maiorem
1362 1514 1722 1567 instructionem,
1754 1519 1800 1557 et
1832 1512 1880 1556 in

246 1590 496 1644 rhetoricis,
521 1597 567 1635 et
588 1590 849 1646 dialecticis,
874 1590 921 1634 in
944 1605 1059 1647 quae
1081 1606 1163 1648 pro
1184 1590 1358 1635 uiribus
1378 1593 1465 1635 hoc
1493 1605 1611 1634 anno
1638 1590 1880 1634 incumbe-

244 1682 361 1720 mus,
386 1674 436 1710 vt
456 1674 501 1712 et
522 1667 747 1724 possimus
767 1673 813 1712 et
834 1667 1106 1711 aristotelica
1127 1674 1426 1724 penetrareet
1447 1682 1663 1712 reserare.
1690 1667 1819 1711 Vale.
1849 1677 1872 1721 5

245 1759 387 1788 nonas
410 1744 623 1788 Octobris
651 1754 777 1799 1554.
804 1745 931 1788 Tuus
952 1743 1124 1788 inutilis
1146 1759 1323 1798 seruus,
1349 1744 1426 1800 qui
1449 1751 1493 1789 et
1511 1744 1617 1797 tuis,
1638 1751 1683 1789 et
1700 1750 1881 1800 patrum

246 1828 291 1865 et
312 1821 501 1864 fratrum
528 1822 538 1842 ¹
563 1820 774 1877 precibus
795 1822 1162 1866 commendatum
1179 1821 1300 1864 volo.

334 1899 438 1942 Non
460 1897 664 1941 mittetur
685 1899 744 1941 D.
769 1897 1043 1951 Gulielmus,
1068 1898 1215 1942 donec
1244 1898 1517 1942 rescribatur
1540 1898 1701 1942 modus
1724 1896 1882 1950 eundi;

247 1989 350 2019 nam
378 1975 526 2018 solum
558 1989 651 2018 non
685 1975 907 2020 audemus
934 1974 1217 2020 committere
1245 1974 1410 2028 itineri,
1443 1982 1538 2018 tum
1566 1975 1624 2018 ob
1653 1974 1878 2018 infirmam

247 2051 570 2105 ualetudinem,
598 2058 650 2094 ut
671 2050 775 2104 scis,
802 2058 898 2094 tum
920 2053 978 2095 ob
1000 2051 1201 2109 pericula
1222 2034 1416 2096 itineris.

336 2128 594 2184 Inscripiio:
616 2128 677 2172 Al
698 2129 838 2171 molto
860 2129 977 2172 Rdo.
1002 2128 1050 2172 in
1071 2130 1193 2185 Xpo.
1221 2129 1383 2182 Padre,
1409 2129 1440 2171 il
1463 2131 1516 2173 Ρ.
1543 2130 1606 2173 Μ.
1631 2127 1809 2185 Ignatio
1826 2128 1884 2171 de

248 2206 435 2261 Loyola,
461 2205 687 2262 preposito
715 2206 928 2262 generale
956 2206 1073 2250 della
1101 2205 1385 2264 Compagnia
1412 2205 1457 2249 di
1480 2206 1605 2264 Jesu.
1641 2206 1692 2248 In
1720 2206 1879 2249 Roma.

250 2283 354 2326 Due
375 2281 569 2325 baiochi.

340 2359 448 2401 Alia
469 2373 627 2405 manu:
654 2368 778 2414 1554.
802 2360 1021 2416 Bologna.
1044 2362 1106 2404 M.
1134 2361 1170 2403 F
1173 2373 1387 2405 rancesco
1416 2359 1639 2403 Bordono.
1663 2371 1687 2402 2
1709 2358 1816 2414 (sic)
1833 2358 1881 2400 d'

253 2436 464 2480 Ottobre.
491 2437 591 2479 Rfea
619 2435 693 2479 alli
721 2448 773 2479 10
789 2435 931 2480 detto.

326 2586 335 2606 ¹
387 2583 463 2620 Ms.
481 2583 667 2631 fratum.
