2060 3432
808 220 851 248 12
877 212 1069 250 AUGUSTI
1096 219 1190 258 1555
1700 221 1770 260 797

178 320 361 367 nantur,
388 312 539 357 tristes
569 313 862 371 infirmosque
897 314 1206 368 consolantur,
1231 314 1507 377 decedentes
1541 331 1566 360 e
1597 314 1716 358 viuis
1736 329 1820 371 pro

176 391 367 444 viribus,
392 397 441 434 vt
462 390 509 433 in
532 390 729 434 Domino
750 391 988 444 decedant,
1012 391 1190 445 juuant,
1215 390 1423 434 diuinum
1451 392 1642 435 verbum
1667 391 1814 435 fideli-

179 477 248 512 ter
269 467 579 521 disseminant,
606 467 882 525 theologiam
905 474 951 513 et
973 467 1082 512 alias
1103 467 1394 513 humaniores
1421 468 1575 512 literas
1602 483 1695 513 non
1716 483 1818 512 mo-

178 546 278 590 dica
314 560 418 589 cum
456 546 590 589 laude
627 545 1006 602 interpretantur,
1047 545 1207 589 missas
1242 546 1490 600 celebrant,
1531 553 1815 590 sacramenta

177 622 455 675 ministrant,
487 622 696 666 diuinum
723 623 914 667 verbum
942 621 1176 679 predicant
1203 622 1382 678 aliaque
1415 622 1648 666 charitatis
1679 638 1818 680 opera

177 700 388 745 omnibus
410 699 552 756 gratis
580 706 798 756 prestant,
824 700 948 743 nulla
977 706 1156 743 terrena
1183 701 1392 743 mercede
1420 706 1622 756 accepta.
1656 701 1817 744 Mode-

177 786 287 830 stos,
312 775 668 821 conuersacione
688 777 861 830 fideles,
887 777 1007 820 fama
1026 776 1277 822 laudabiles
1299 776 1511 820 omnibus
1543 791 1593 821 se
1614 776 1815 833 exibent,

176 855 438 910 multosque
468 853 682 897 edificant
709 853 756 896 in
785 854 994 907 salutem,
1026 860 1076 896 vt
1104 853 1217 897 nulli
1246 853 1304 897 sit
1331 853 1520 897 dubium
1550 869 1576 897 a
1597 856 1697 899 Deo
1718 862 1814 911 opt.

176 947 295 975 max.
321 931 482 974 missos
506 930 646 974 fuisse
667 937 717 973 vt
737 931 909 974 mundo
930 930 1047 974 viam
1071 930 1230 975 salutis
1258 931 1477 988 aperiant.
1506 918 1834 988 Quamobrem‘

175 1016 397 1065 quantum
419 1010 519 1052 Deo
540 1007 750 1064 primum,
777 1014 883 1051 tuae
904 1007 1069 1052 deinde
1091 1009 1146 1052 R.
1174 1010 1227 1052 P.
1253 1009 1416 1052 debeat
1437 1010 1523 1053 hec
1542 1016 1697 1052 nostra
1719 1023 1816 1052 res-

175 1086 358 1144 publica
378 1100 459 1142 pro
487 1085 558 1128 his
579 1085 642 1127 illi
664 1084 864 1141 prestitis
891 1084 1140 1138 beneficiis,
1166 1100 1259 1129 non
1286 1085 1384 1142 opis
1416 1093 1486 1130 est
1514 1092 1669 1131 nostre
1690 1086 1817 1142 judi-

177 1178 295 1216 care,
330 1164 411 1206 sed
448 1177 533 1207 nec
565 1176 818 1207 recensere.
855 1161 972 1218 Quis
1003 1176 1168 1218 equam
1200 1162 1367 1219 poterit
1399 1164 1567 1207 referre
1600 1163 1817 1220 gratiam?

178 1241 377 1293 Referat,
414 1240 491 1296 qui
524 1246 685 1296 potens
722 1246 791 1283 est
828 1239 978 1282 omnia
1013 1238 1060 1281 in
1097 1239 1308 1283 omnibus
1345 1247 1562 1296 prestare.
1601 1241 1816 1285 Ceterum

179 1318 301 1373 quod
323 1317 370 1359 in
392 1317 522 1360 nobis
540 1323 625 1370 est,
645 1331 703 1360 ne
719 1316 887 1373 ingrati
902 1315 1178 1372 judicemur,
1198 1318 1284 1361 hec
1300 1317 1582 1372 exequimur:
1603 1317 1816 1362 innume—

178 1410 268 1449 ras,
293 1395 398 1438 licet
418 1394 627 1451 impares,
654 1401 731 1437 tue
754 1396 807 1437 R.
834 1395 888 1437 P.
915 1393 1094 1451 agimus
1116 1393 1303 1451 gratias,
1329 1394 1473 1450 parati
1506 1395 1551 1438 in
1583 1402 1814 1451 posterum

179 1478 399 1528 quantum
436 1471 687 1514 valebimus
723 1470 804 1514 tibi
841 1470 1045 1526 obsequi.
1086 1471 1215 1515 Vale.
1261 1471 1441 1516 Gandie
1482 1471 1626 1528 pridie
1664 1472 1815 1515 idibus

178 1548 382 1606 Augusti
404 1563 522 1591 anno
543 1564 569 1592 a
591 1547 780 1604 virginis
801 1554 936 1604 partu
958 1548 1359 1605 quinquagessimo
1382 1548 1540 1605 quinto
1557 1564 1693 1606 supra
1711 1548 1815 1592 milu

178 1626 408 1672 lessimum
431 1625 888 1682 quingentessimum.

268 1702 519 1746 Honofrius
536 1704 642 1755 Ros,
657 1702 851 1758 justitia.
887 1701 1124 1758 Vicentius
1157 1702 1384 1747 Peresius.
1414 1704 1615 1761 Jacobus
1647 1705 1683 1748 F
1688 1711 1815 1748 uste-

178 1780 286 1824 rius.
312 1779 582 1824 Franciscus
605 1779 813 1825 Sancius.

265 1860 337 1902 De
358 1858 570 1901 mandato
587 1857 811 1900 dic-torum
827 1851 1111 1900 dominorum
1120 1852 1333 1913 justiciae
1351 1865 1396 1901 et
1407 1858 1665 1914 juratorum
1683 1859 1815 1903 Gan-

177 1935 294 1988 diae,

268 2012 462 2056 Michael
484 2012 692 2055 Andreas
715 2010 916 2055 notarius
938 2017 984 2055 et
1011 2010 1158 2054 scriba
1189 2010 1389 2067 ipsorum
1420 2012 1707 2057 dominorum
1733 2014 1813 2070 ju-

178 2090 334 2134 sticiae
351 2096 396 2134 et
411 2089 681 2145 juratorum.

268 2166 526 2222 Inscriptio:
547 2165 576 2222 †
599 2166 860 2208 Admodum
882 2166 995 2209 Rdo.
1024 2164 1148 2209 Patri
1170 2172 1325 2210 nostro
1347 2167 1525 2223 Ignatio
1547 2168 1603 2211 de
1621 2168 1809 2224 Loyola,

178 2243 406 2302 preposito
427 2242 645 2300 gene[rali
668 2241 930 2298 Soc]ietatis
946 2244 1075 2300 JeSU.

266 2322 374 2364 Alia
395 2335 554 2363 manu:
581 2330 706 2374 1555.
734 2319 929 2363 Gandia.
962 2319 1242 2364 Testimonio
1269 2321 1343 2366 del
1365 2321 1551 2377 justicia
1577 2337 1606 2378 y
1622 2322 1813 2377 jurados

178 2401 235 2443 de
256 2399 436 2443 Gandia
457 2413 515 2442 en
538 2398 666 2441 fauor
693 2397 750 2440 de
777 2397 819 2440 la
852 2397 1118 2453 Compafiia.
1151 2399 1222 2443 De
1256 2410 1306 2443 12
1335 2400 1393 2444 de
1421 2400 1614 2456 Agosto.
1645 2398 1754 2442 R.da
1785 2403 1813 2442 a

177 2478 246 2520 los
269 2490 324 2532 30
347 2476 402 2519 de
425 2474 555 2519 Abril
583 2474 709 2529 1556.
976 2474 1046 2529 36.
