2060 3450
809 289 850 325 15
876 280 1045 316 Amans
1074 287 1164 325 1555
1683 277 1753 324 583

173 395 365 438 persone
392 388 561 425 uostre.
594 381 790 426 Giouedi
820 395 1060 427 uenemmo
1085 396 1112 424 a
1139 380 1208 424 dir
1229 395 1376 425 messa
1398 381 1478 424 'nel
1505 380 1801 435 monasterio,

173 465 220 501 et
251 458 454 502 consolai
486 465 656 514 quanto
687 458 809 516 potei
840 459 883 502 la
914 457 1078 515 priora3
1118 465 1165 503 et
1192 458 1254 501 mi
1290 472 1401 501 sono
1434 463 1612 501 trouato
1642 472 1668 501 a
1696 457 1803 500 tutti

173 536 205 578 l'
237 535 375 578 uffieii
406 535 606 592 giouedi,
640 536 827 581 venerdi
858 543 902 579 et
933 536 1139 590 sabbato,
1169 543 1215 579 et
1242 537 1302 578 ho
1331 536 1476 578 anche
1502 535 1628 578 detto
1656 549 1804 579 messa

175 613 378 666 sabbato,
402 620 448 656 et
468 612 499 655 il
521 612 568 656 di
591 613 637 656 di
658 627 844 670 pasqua,
869 619 915 658 et
941 614 1001 656 ho
1026 612 1271 670 predicato,
1302 613 1421 655 doue
1442 611 1484 655 ci
1508 612 1555 654 fu
1578 611 1808 655 mediocre

175 688 413 743 auditorio,
437 696 484 734 et
504 690 711 747 portione
732 704 812 747 per
831 688 1038 746 portione
1059 689 1136 746 pisi
1158 696 1224 733 tre
1247 690 1370 733 uolte
1390 690 1475 732 che
1503 703 1530 732 a
1552 695 1681 732 santa
1703 690 1800 732 Ma-

175 765 239 809 ria
259 766 376 810 della
398 767 575 819 Strada,
596 773 642 810 et
662 781 803 823 penso
824 780 914 810 con
935 765 1252 819 satisfattione,
1277 767 1443 822 perche
1464 766 1508 808 la
1527 765 1676 822 priora
1697 767 1757 807 m'
1777 766 1807 808 e

173 850 343 886 uenuta
365 844 483 899 dopo
505 858 530 886 a
552 844 713 899 parlar’
738 844 796 886 da
823 858 887 896 se,
914 850 959 888 et
981 843 1066 886 alla
1094 850 1222 886 notte
1243 842 1304 885 mi
1331 844 1391 886 ha
1412 843 1625 886 mandato
1649 857 1674 886 a
1697 855 1807 898 pre—

173 922 359 974 sentar'3
384 921 492 976 pero
514 919 854 976 ringratiammo
875 920 924 964 S.
951 920 1019 972 S.‚
1045 927 1089 962 et
1113 934 1204 963 non
1225 918 1488 976 pigliammo
1510 918 1679 963 niente.

262 997 327 1040 La
344 996 491 1053 priora
507 999 566 1038 m’
586 998 645 1040 ha
661 997 934 1040 domandato
956 997 999 1039 la
1021 996 1109 1040 mia
1127 997 1310 1049 faculta,
1331 996 1448 1041 della
1470 996 1602 1052 quale
1625 1010 1808 1052 sempre

174 1074 325 1116 hanno
346 1088 501 1129 paura,
527 1080 573 1118 et
594 1075 631 1116 s'
648 1087 846 1117 armano.
873 1072 953 1117 Lei
975 1072 1074 1116 dice
1096 1073 1197 1118 chel
1219 1074 1348 1116 Rmo.
1376 1074 1518 1118 Santa
1541 1073 1690 1117 Croce
1711 1086 1805 1115 non

175 1151 234 1193 ha
256 1149 546 1207 giuriditione
563 1165 694 1206 sopra
710 1150 822 1192 loro.
847 1149 924 1193 Gli
940 1151 999 1193 ho
1022 1149 1216 1206 risposto
1234 1151 1318 1193 che
1340 1164 1389 1193 se
1410 1150 1457 1194 S.
1479 1150 1608 1192 Rma.
1635 1150 1684 1194 S.
1710 1163 1803 1192 non

175 1227 205 1268 l’
224 1228 299 1280 ha,
324 1228 382 1270 ne
403 1226 446 1270 io
469 1228 666 1270 anchora
686 1227 716 1268 l’
736 1228 810 1279 ho;
835 1233 881 1269 et
903 1227 1188 1269 anchorache
1210 1226 1252 1269 io
1274 1227 1303 1268 1’
1320 1227 1529 1279 hauesse,
1554 1227 1626 1268 ch’
1645 1225 1689 1269 io
1709 1240 1804 1269 non

176 1302 330 1360 uoglio
351 1303 628 1346 disconsolar
649 1302 852 1355 nissum,
878 1309 924 1347 et
946 1304 1031 1347 che
1053 1303 1081 1345 l’
1101 1302 1246 1346 uffitio
1266 1302 1357 1345 mio
1374 1304 1399 1346 e
1416 1302 1609 1359 agiutar'
1629 1301 1805 1359 gratio—

175 1387 377 1424 samente
397 1387 443 1423 et
465 1380 705 1423 consolar’.
731 1381 767 1422 F
769 1394 796 1422 o
819 1395 845 1423 a
866 1381 1013 1436 saper'
1037 1395 1063 1422 a
1092 1381 1149 1423 V.
1177 1381 1251 1433 P.,
1276 1381 1362 1424 che
1383 1380 1502 1424 della
1522 1386 1706 1436 patente
1727 1380 1802 1424 del

174 1457 399 1501 cardinale
427 1458 568 1502 Santa
596 1457 742 1501 Croce
769 1471 861 1499 non
889 1456 949 1498 mi
978 1471 1111 1513 posso
1147 1456 1308 1502 seruir’
1338 1457 1383 1499 in
1413 1458 1542 1509 altro,
1573 1457 1806 1500 senonche

173 1541 368 1577 mostrar
395 1548 524 1577 como
554 1548 666 1577 sono
697 1534 910 1576 mandato
937 1535 994 1577 da
1022 1535 1070 1579 S.
1106 1535 1153 1579 S.
1187 1536 1336 1586 Rma.,
1369 1541 1414 1578 et
1442 1548 1534 1577 non
1562 1548 1642 1590 per
1668 1533 1802 1576 risor—

171 1611 301 1663 mar’,
327 1618 372 1654 et
393 1612 486 1654 cosi
508 1611 700 1667 bisogna
721 1610 953 1664 caminar’3
984 1611 1027 1656 le
1049 1611 1259 1668 raggioni
1281 1613 1352 1654 ch’
1383 1611 1427 1654 io
1448 1611 1506 1653 do
1534 1624 1612 1666 per
1635 1611 1803 1654 saluar'

170 1686 202 1729 il
223 1687 449 1734 cardinale
471 1689 567 1732 Sta.
595 1688 755 1739 Croce,
789 1687 831 1730 le
853 1688 1069 1731 mandaro
1098 1695 1214 1731 tutte
1236 1703 1263 1731 a
1284 1689 1341 1732 V.
1369 1689 1422 1731 P.
1458 1690 1579 1731 Poco
1602 1694 1741 1730 conto
1764 1687 1804 1730 si

172 1764 216 1807 fa
236 1778 326 1820 qua
346 1765 419 1808 del
441 1764 666 1808 cardinale
689 1766 830 1810 Santa
852 1766 997 1809 Croce
1019 1772 1064 1810 et
1092 1765 1137 1808 di
1159 1760 1462 1821 qualsiuoglia
1483 1765 1612 1816 altro,
1638 1779 1686 1808 se
1708 1778 1805 1807 non

173 1841 292 1886 fosse
313 1842 386 1885 del
406 1856 536 1898 papa,
557 1856 584 1884 o
606 1842 679 1886 del
700 1857 764 1896 re;
786 1849 831 1887 et
851 1842 1184 1900 bisognarebbe
1207 1843 1406 1884 anchora
1428 1855 1515 1884 con
1536 1847 1697 1896 questo
1719 1842 1805 1883 ha—

173 1932 254 1962 uer
274 1918 492 1974 potentia,
517 1920 603 1963 che
624 1933 715 1962 non
737 1918 774 1962 si
797 1927 990 1964 temesse
1012 1919 1203 1976 parenti,
1222 1919 1279 1962 ne
1301 1918 1449 1971 amici,
1470 1925 1516 1962 et
1538 1920 1623 1962 che
1645 1918 1709 1974 gli
1732 1918 1804 1960 fa-

172 2009 297 2039 cesse
320 1997 456 2040 tacer’
477 1996 531 2038 ad
555 2010 618 2038 un
639 1995 853 2053 bisogno.

258 2071 413 2116 Giulio
444 2074 455 2094 ¹
485 2072 634 2117 scriue
669 2072 716 2115 in
752 2073 1008 2129 particolar’
1040 2087 1144 2116 cose
1180 2078 1375 2128 passate:
1411 2086 1501 2127 qua
1534 2070 1574 2114 ci
1607 2070 1806 2126 bisogna.

171 2163 283 2204 gran
305 2149 520 2205 patientia
543 2164 629 2192 con
651 2157 770 2194 tutte
791 2150 832 2193 le
855 2164 1060 2206 persone,
1085 2157 1131 2192 et
1151 2148 1357 2201 humilta,
1384 2155 1429 2192 et
1451 2162 1799 2204 perseueranza,

171 2239 299 2269 come
320 2225 350 2267 il
371 2211 604 2270 marchese
625 2227 682 2270 de
706 2226 974 2283 Marignano
996 2227 1010 2247 ²
1037 2227 1111 2270 all’
1135 2226 1315 2269 intorno
1336 2225 1381 2268 di
1404 2225 1557 2276 Siena‚
1584 2231 1629 2268 et
1651 2224 1805 2267 animo

171 2302 359 2358 grande,
385 2309 429 2346 et
450 2302 688 2359 intrepido,
715 2302 919 2359 agiutato
941 2303 999 2345 da
1020 2302 1124 2355 Dio,
1156 2309 1202 2347 et
1223 2303 1281 2346 da
1302 2302 1402 2345 suoi
1425 2301 1545 2346 serui
1569 2302 1672 2344 nell'
1698 2315 1800 2343 ora—

172 2377 300 2421 tioni.
332 2379 397 2423 Le
423 2378 641 2422 minaccia
668 2393 780 2422 sono
807 2379 985 2436 grandi,
1015 2386 1061 2422 et
1087 2379 1131 2422 la
1157 2379 1377 2422 difficulta
1408 2378 1660 2434 maggiore.
1693 2379 1799 2420 Non

173 2456 242 2498 c’e
264 2454 337 2498 chi
359 2469 412 2499 ce
432 2454 583 2511 uoglia
603 2456 759 2498 donar’
785 2455 907 2498 aiuto
929 2457 1003 2500 nel
1025 2456 1284 2512 temporale,
1313 2469 1389 2511 per
1412 2469 1536 2498 amor
1558 2454 1677 2498 delle
1701 2468 1795 2496 mo-

173 2534 331 2575 nache.
358 2533 532 2587 Questa
554 2532 792 2576 settimana
814 2539 943 2575 santa
964 2533 1021 2576 da
1043 2545 1100 2587 24
1121 2532 1167 2575 in
1191 2545 1246 2587 24
1273 2535 1385 2577 hore
1407 2531 1647 2574 habbiamo
1668 2545 1801 2573 man-

171 2609 311 2666 giato,
337 2616 382 2652 et
410 2623 499 2651 non
528 2608 797 2653 altrimente:
823 2609 1016 2666 bisogna
1046 2612 1213 2654 cercar'
1238 2609 1268 2652 il
1290 2609 1403 2651 vitto
1432 2610 1489 2650 da
1516 2608 1629 2650 altra
1651 2613 1798 2663 parte,

170 2687 255 2729 che
277 2685 382 2728 dalli
404 2685 557 2741 agenti
574 2686 647 2729 del
669 2685 868 2728 cardinal
890 2686 984 2730 Sta.
1007 2687 1166 2744 Croce,
1187 2693 1233 2730 et
1255 2701 1346 2729 non
1365 2684 1587 2727 trouiamo
1610 2682 1803 2726 nissuna

242 2850 251 2870 ¹
302 2847 346 2882 P.
366 2846 494 2893 Julius
513 2845 664 2891 Onstoi,
684 2834 808 2881 Patris
827 2846 956 2882 Pontii
974 2846 1116 2882 socius.

237 2909 251 2928 Ξ
301 2907 472 2952 Joannes
490 2906 659 2950 Jacobus
677 2905 725 2940 de
744 2905 922 2941 Medicis.
953 2905 1080 2952 Hujus
1099 2906 1171 2941 viri
1188 2906 1319 2953 plures
1346 2904 1473 2940 editae
1499 2908 1589 2938 sunt
1608 2901 1801 2949 epistolae

167 2966 209 3002 in
226 2977 343 3012 opere
361 2965 475 3000 Delle
494 2965 628 3000 lettere
646 2966 689 3000 di
709 2965 908 3011 Principae„
928 2964 1001 3000 lib.
1024 2974 1081 3011 111,
1099 2964 1166 3000 fol.
1189 2973 1357 3009 120-170,
1377 2962 1554 2998 Venetiis
1583 2961 1688 3007 1581,
1706 2973 1800 3008 qua-

167 3037 253 3061 rum
271 3025 479 3060 nonnullae
497 3024 544 3059 ad
560 3025 706 3060 bellum
725 3035 905 3068 senense,
924 3024 963 3059 in
981 3035 1057 3071 quo
1074 3023 1226 3071 fugavit
1244 3025 1401 3059 Petrum
1422 3021 1572 3058 Strozzi
1598 3021 1803 3068 victorque

170 3083 236 3120 ille
254 3084 392 3127 evasit,
412 3089 603 3131 spectant.
