2060 3432
863 252 888 288 4
912 243 1026 290 Jmm
1053 249 1144 289 ¹555
1699 242 1772 290 ⁶⁷9

948 496 1069 538 {mv

544 584 755 621 GASPAR
780 584 1092 622 CERVANTES
1117 585 1188 621 DE
1212 584 1459 621 SALAZAR

499 668 746 713 SUMMO
780 669 1142 713 PONTIFICI
1173 669 1413 714 PAULO
1445 669 1514 712 IV

748 771 914 799 HISPALI
937 773 960 808 4
984 771 1091 807 Jmm
1118 770 1208 808 1555
1236 763 1264 798 ¹.

453 851 737 887 Testimonium
754 862 823 898 pro
840 850 1038 887 Societate
1055 852 1167 899 Jesu,
1184 850 1337 899 Hispali
1355 856 1550 888 versante.

994 941 1024 999 ,Γ

279 1035 524 1082 Santisimo
545 1036 708 1080 Padre.
733 1037 778 1080 A
800 1042 898 1080 esta
918 1035 1083 1079 ciudad
1103 1035 1160 1079 de
1181 1035 1367 1091 Seuilla,
1392 1050 1483 1092 que
1505 1050 1554 1081 es
1574 1024 1814 1080 1311133111-

191 1113 321 1170 signe
342 1113 399 1158 de
421 1114 616 1170 Espafia,
641 1128 700 1157 an
720 1112 887 1157 venido
909 1114 1018 1156 abra
1039 1112 1153 1158 siete
1172 1116 1201 1157 ό
1221 1114 1338 1157 ocho
1358 1127 1506 1159 meses
1528 1113 1693 1170 eiertos
1726 1115 1819 1158 cle-

191 1189 316 1246 rigos
335 1190 392 1234 de
412 1190 456 1233 13
477 1190 728 1246 Gompafiia
747 1189 804 1234 de
824 1191 977 1248 JesuS,
1006 1190 1076 1233 los
1104 1189 1260 1246 quales
1288 1204 1375 1233 con
1401 1204 1456 1234 su
1477 1191 1631 1234 buena
1651 1190 1758 1234 vida
1790 1206 1820 1248 y

189 1267 412 1323 exemplo,
436 1265 720 1323 predicaeion
740 1281 771 1322 y
792 1266 1086 1310 confissiones
1107 1280 1166 1309 an
1186 1267 1332 1311 hecho
1351 1282 1382 1322 y
1402 1268 1548 1311 hazen
1570 1281 1686 1324 gran
1714 1282 1820 1324 pro—

191 1345 337 1387 uecho
357 1357 416 1387 en
436 1343 503 1387 133
522 1342 695 1387 animas
715 1357 805 1399 que
820 1345 956 1401 Jessu
976 1342 1161 1386 Christo
1184 1342 1370 1387 redimio
1391 1357 1479 1387 con
1499 1357 1554 1387 su
1581 1343 1818 1400 preciosis-

189 1419 301 1463 sima
321 1433 504 1477 sangre;
528 1434 558 1476 y
572 1426 711 1477 tengo
724 1433 808 1476 por
820 1418 960 1475 eierto
977 1433 1081 1475 que,
1102 1418 1140 1462 si
1156 1433 1288 1462 como
1303 1419 1509 1464 vinieron
1524 1434 1666 1477 pocos
1682 1421 1818 1467 obre-

189 1511 263 1541 ros
298 1500 325 1540 3
351 1503 449 1542 esta
475 1480 590 1553 'grau
625 1495 804 1549 miesse‚
838 1495 1044 1541 vinieran
1075 1498 1203 1539 hasta
1235 1496 1399 1553 quince
1430 1501 1458 1541 ό
1489 1496 1658 1551 veinte‚
1693 1498 1821 1542 fuera

189 1574 363 1631 grande
382 1574 426 1617 13
445 1572 632 1617 vtilidad
653 1587 743 1629 que
763 1579 860 1617 esta
886 1572 1068 1630 insigne
1093 1572 1259 1629 eiudad
1285 1588 1316 1629 y
1342 1572 1577 1630 prouincia
1604 1573 1820 1629 163911116-

159 1672 163 1674 -
189 1665 253 1694 ra.
284 1651 326 1694 Y
347 1664 421 1707 yo,
452 1642 602 1694 sieruo
628 1649 828 1694 humilde
853 1650 912 1695 de
939 1651 996 1694 V.
1028 1648 1175 1702 S.dad,
1205 1664 1296 1706 que
1322 1656 1462 1707 tengo
1488 1650 1555 1694 133
1583 1664 1718 1694 vezes
1747 1651 1821 1696 del

186 1727 411 1772 ordinario
432 1728 465 1780 ¹,
491 1726 683 1771 testifico
703 1742 734 1784 y
755 1727 931 1780 afirmo,
956 1740 1046 1783 que
1072 1741 1153 1770 son
1177 1727 1375 1784 grandes
1402 1727 1706 1783 ayudadores:
1732 1742 1820 1771 con

187 1818 303 1861 gran
322 1804 488 1849 herbor
508 1804 658 1848 lleban
678 1811 804 1860 parte
824 1804 882 1848 de
902 1804 946 1847 13
966 1817 1106 1861 carga
1132 1804 1190 1848 de
1220 1804 1288 1847 los
1318 1810 1522 1860 pastores
1549 1803 1818 1858 ordinarios,

189 1882 259 1926 sin
279 1881 518 1938 pretender
538 1888 637 1924 otro
658 1881 878 1926 interesse
899 1885 995 1925 mas
1016 1895 1107 1937 que
1127 1881 1171 1924 13
1197 1880 1428 1924 saluacion
1454 1881 1512 1926 de
1539 1882 1606 1925 las
1628 1881 1816 1925 animas.

187 1959 227 2002 Y
249 1958 288 2002 si
309 1964 492 2002 vuestro
513 1957 663 2002 sieruo
684 1957 878 2015 Ignatio,
903 1957 1088 2015 general
1110 1957 1268 2010 dellos,
1292 1956 1482 2001 imbiase
1498 1961 1526 2000 a
1541 1958 1729 2001 mandar
1750 1957 1821 2000 vi-

187 2035 346 2080 niesen
365 2038 462 2078 mas
482 2034 693 2079 cantidad
714 2037 835 2090 aqui,
860 2035 903 2079 el
925 2035 1072 2077 fructo
1094 2037 1211 2078 seria
1230 2047 1402 2090 mayor.

276 2112 330 2154 El
364 2125 543 2155 summo
581 2126 611 2167 y
644 2111 894 2156 verdadero
929 2117 1082 2168 pastor
1112 2112 1247 2169 Jessu
1283 2111 1402 2167 Xpo.
1435 2111 1480 2154 lo
1510 2109 1761 2163 encamine,
1791 2125 1822 2166 y

189 2188 378 2245 guarde‚
402 2202 621 2232 conserue
642 2192 669 2232 3
689 2189 747 2233 V.
773 2187 920 2241 S.dad,
945 2202 1053 2244 para
1074 2201 1164 2243 que
1193 2191 1220 2230 3
1242 2187 1372 2230 todos
1392 2194 1515 2231 estos
1542 2201 1622 2230 sus
1645 2186 1823 2230 sieruos

189 2264 382 2322 siempre
402 2279 486 2309 nos
506 2264 606 2322 riga
625 2279 656 2321 y
676 2264 896 2322 gouierne
917 2279 975 2308 en
996 2278 1052 2308 su
1072 2262 1281 2319 seruieiO.
1306 2265 1448 2308 Desta
1469 2263 1635 2318 eiudad
1655 2263 1713 2306 de
1735 2263 1820 2308 Se-

188 2340 296 2385 uilla
316 2354 346 2397 4
365 2341 422 2386 de
436 2341 575 2400 Junio
601 2351 727 2396 1555.
754 2343 873 2385 Besa
892 2341 960 2384 los
980 2340 1076 2397 pies
1096 2340 1154 2383 de
1170 2341 1229 2384 V.
1254 2341 1325 2385 S.t
1357 2355 1414 2384 su
1429 2339 1579 2384 sieruo
1595 2339 1815 2392 humilde,

553 2419 621 2463 E1.
652 2431 942 2463 LICENCIADO
973 2418 1265 2462 CERVANTES
1295 2431 1359 2462 DE
1389 2417 1579 2461 GAETA.

276 2495 540 2551 Inscripiio:
575 2494 605 2553 †
632 2495 694 2539 Al
720 2494 1007 2539 sanctissimo
1041 2509 1070 2550 y
1098 2499 1233 2538 senor
1262 2499 1452 2538 nuestro
1483 2493 1735 2546 vniuersal,
1778 2493 1822 2536 el

190 2586 321 2628 papa,
347 2572 491 2615 Paulo
517 2577 694 2628 quarte.

262 2692 273 2712 ¹
323 2689 383 2725 Ex
405 2689 584 2736 originali
609 2689 651 2725 in
674 2689 753 2725 vol.
779 2689 825 2736 F,
842 2688 989 2736 duplici
1015 2688 1123 2736 folio,
1153 2701 1198 2726 n.
1235 2697 1318 2736 105,
1344 2689 1451 2737 prius
1481 2688 1677 2734 525.-De
1707 2693 1822 2733 argu-

191 2753 323 2785 mento
338 2747 454 2794 hujus
471 2748 675 2795 epistolae,
693 2753 734 2784 et
749 2747 799 2784 de
816 2759 934 2784 causa
950 2759 1019 2784 cur
1035 2749 1167 2796 plures
1184 2748 1364 2785 similiter
1386 2749 1551 2784 Romam
1577 2758 1627 2782 ex
1653 2745 1822 2788 diversis

191 2807 296 2844 orbis
313 2807 538 2854 regionibus
555 2807 816 2850 mitterentur,
834 2807 1057 2854 aperuimus
1074 2819 1205 2855 supra,
1223 2807 1340 2855 epist.
1359 2817 1430 2854 954
1442 2812 1483 2842 et
1499 2814 1585 2852 955,
1598 2817 1694 2853 quas
1712 2804 1818 2841 vide.

192 2868 253 2903 De
271 2865 415 2913 insigni
438 2877 532 2901 vero
555 2866 691 2902 harum
707 2865 925 2902 litterarum
950 2871 1108 2902 auctore
1133 2877 1210 2903 non
1233 2872 1295 2903 est
1317 2878 1386 2903 cur
1408 2867 1532 2913 plura,
1558 2863 1673 2900 dictis
1692 2863 1773 2911 jam
1797 2874 1821 2899 a

191 2925 305 2962 nobis
322 2937 393 2961 suo
410 2926 511 2972 loco,
528 2924 732 2961 addantur.
752 2924 814 2962 Cf.
833 2924 948 2972 epist.
969 2924 1054 2972 938,
1072 2933 1159 2972 951.

260 2988 275 3008 2
324 2985 418 3021 Erat
433 2984 665 3032 hispalensis
682 2983 1010 3032 archiepiscopus,
1028 2983 1209 3033 idemque
1225 2984 1421 3032 generalis
1443 2982 1536 3019 fidei
1559 2981 1765 3030 inquisitor
1778 2980 1822 3017 in

191 3044 396 3092 Hispania,
413 3049 456 3080 ut
472 3054 590 3091 saepe
606 3043 842 3088 monuimus,
860 3042 1129 3081 Fer'dinandus
1143 3043 1194 3080 de
1212 3043 1375 3081 Valdes.
