2060 3450
339 245 411 280 602
835 244 1074 280 Erus-ronan
1098 243 1307 279 er'rAE—
1314 253 1386 290 949

294 345 442 402 regni,
468 351 513 390 et
534 344 756 389 uccidano
779 344 845 388 soi
866 344 1045 397 vassali,
1071 358 1171 388 com
1200 344 1374 401 grande
1394 344 1591 401 pericolo
1613 345 1714 390 dela
1734 345 1929 389 damna-

297 421 420 466 tione
441 423 498 467 de
519 422 657 467 molte
679 421 858 465 milliaia
878 422 925 464 d'
955 421 1124 474 anime,
1155 421 1276 476 quali
1303 422 1412 477 pero
1440 428 1557 465 tutte
1584 436 1695 466 sono
1716 429 1833 466 state
1861 422 1927 466 ri-

298 505 526 555 comprate
548 499 618 542 601
640 499 812 555 grande
839 497 983 555 pretio
1011 498 1084 541 del
1111 512 1287 554 sangue
1316 498 1389 542 del
1417 498 1589 555 figliolo
1616 499 1674 543 de
1694 498 1797 543 Dio.
1829 501 1924 544 Ve-

299 575 450 620 dendo
471 575 546 619 voi
568 576 759 628 donche,
785 590 811 618 o
839 573 1100 619 beatissimo
1129 574 1283 631 padre,
1310 580 1435 618 tanto
1463 575 1595 628 male,
1625 582 1797 619 armato
1823 576 1929 620 dela

297 667 446 706 croce,
471 659 516 696 et
538 653 611 697 del
633 652 814 696 coltello
841 652 942 696 dela
970 651 1138 707 parolla
1166 651 1223 694 de
1253 651 1341 695 Dio
1369 650 1580 708 ancipite,
1611 652 1823 708 poneteui
1849 653 1925 696 nel

297 743 425 774 mezo
446 729 492 772 di
513 730 625 781 loro,
650 728 885 785 prouando
905 728 952 771 di
980 727 1169 785 tagliare
1196 727 1228 771 li
1255 727 1343 784 odij
1374 728 1445 771 col
1474 728 1615 785 taglio
1647 730 1926 782 amoreuole,

296 808 380 849 che
402 807 427 849 e
449 805 494 848 di
517 804 812 849 rimonstrarli
841 811 1009 860 quante
1038 804 1186 849 anime
1213 818 1294 861 per
1320 805 1417 848 loro
1444 819 1595 848 vanno
1618 820 1644 848 a
1671 805 1927 849 damnatio-—

295 897 368 935 ne,
394 889 439 925 et
462 888 631 937 quanto
653 882 803 924 danno
833 880 1035 925 sacciano
1056 896 1083 925 a
1110 880 1179 925 soi
1207 881 1382 938 populi,
1407 888 1454 925 et
1481 897 1507 925 a
1538 896 1587 925 se
1615 882 1762 934 stessi,
1794 897 1874 939 per
1894 882 1927 926 li·

295 958 417 1015 quali
439 959 544 1001 tutti
566 959 674 1015 pero
696 959 887 1010 saluare,
913 965 959 1002 et
980 958 1161 1003 reunire
1182 958 1385 1011 insieme,
1411 965 1536 1002 tanta
1558 960 1583 1002 e
1605 966 1722 1002 stata
1743 960 1786 1003 la
1815 961 1916 1003 cha-

295 1035 382 1079 rita
402 1036 459 1078 de
479 1035 568 1079 Dio
589 1035 743 1091 padre,
774 1037 859 1080 che
887 1037 945 1078 ha
977 1036 1190 1079 mandato
1220 1035 1249 1078 il
1278 1050 1361 1078 suo
1390 1035 1561 1092 figliolo
1590 1051 1616 1079 a
1647 1049 1863 1093 spargere
1894 1035 1926 1078 il

296 1127 487 1169 sangue.
513 1114 570 1155 Et
592 1127 683 1155 non
700 1113 892 1156 valendo
910 1119 1070 1168 questo
1089 1112 1245 1169 taglio,
1266 1112 1426 1156 uoltati
1442 1113 1486 1156 13
1502 1113 1656 1169 spada,
1677 1111 1926 1156 minacian·

298 1189 388 1233 doli
416 1191 473 1233 da
501 1196 628 1246 parte
655 1190 711 1233 de
739 1189 827 1233 Dio
855 1189 886 1232 il
918 1189 1116 1234 terribile
1144 1188 1343 1246 giudicio
1371 1191 1456 1234 che
1488 1189 1551 1246 gli
1578 1196 1754 1246 aspetta
1773 1203 1853 1246 per
1882 1189 1932 1234 le-

297 1265 516 1309 iniustitie
537 1269 621 1309 che
643 1266 680 1310 si
699 1267 837 1309 fanno
859 1267 888 1308 l'
913 1280 1005 1309 uno
1027 1281 1053 1309 a
1075 1267 1105 1308 l'
1131 1267 1260 1318 altro,
1279 1273 1325 1310 et
1347 1281 1374 1309 a
1394 1265 1461 1309 soi
1483 1265 1653 1322 populi,
1679 1273 1724 1311 et
1746 1266 1788 1310 13
1809 1280 1927 1322 pena

296 1345 381 1387 che
402 1358 460 1387 ne
481 1358 624 1400 segue
645 1344 731 1386 del’
757 1351 913 1388 eterne
934 1344 1127 1387 fiamme.
1151 1344 1330 1399 Questo
1353 1344 1378 1386 ἑ
1400 1343 1431 1386 11
1453 1350 1609 1386 vostro
1626 1343 1821 1396 coltello,
1842 1345 1931 1386 che

295 1420 342 1463 in
365 1428 524 1476 questo
549 1422 660 1463 fatto
680 1420 835 1464 haueti
857 1421 915 1464 da
936 1420 1159 1477 cingerui,
1184 1427 1230 1463 et
1245 1435 1272 1463 a
1288 1435 1371 1463 suo
1389 1427 1539 1476 tempo
1555 1420 1751 1473 vibrare,
1770 1426 1816 1464 et
1831 1434 1926 1463 non

294 1497 426 1550 tardi,
452 1513 524 1540 ma
547 1504 713 1553 presto,
739 1499 904 1553 perche
925 1499 1138 1541 sathanas
1169 1511 1258 1540 non
1283 1498 1453 1540 dorme.
1481 1497 1662 1551 Ohime,
1688 1498 1826 1553 padre
1853 1497 1927 1541 del

294 1573 444 1617 anima
480 1574 590 1626 mia,
622 1581 790 1629 quante
819 1574 967 1619 anime
995 1573 1170 1630 pensati
1196 1574 1270 1617 voi
1306 1574 1663 1630 probabilmente
1701 1575 1787 1618 che
1813 1588 1932 1617 sono

298 1659 491 1704 cascate,
517 1658 563 1694 et
584 1664 776 1694 cascano
798 1651 883 1695 alla
905 1651 1115 1707 giornata
1136 1652 1209 1694 nel
1231 1652 1456 1707 profundo
1477 1652 1550 1695 del
1571 1651 1746 1695 inferno
1774 1666 1800 1694 a
1820 1664 1924 1707 per—

299 1734 436 1783 petua
457 1727 650 1781 miseria,
675 1742 755 1783 per
775 1728 819 1770 16
840 1742 1020 1784 guerre,
1052 1727 1152 1770 anci
1179 1727 1390 1772 becharie
1416 1729 1460 1770 d'
1484 1727 1704 1780 huomini,
1737 1728 1848 1771 fatte
1879 1727 1929 1770 in

299 1811 460 1860 questa
481 1812 635 1848 nostra
656 1804 835 1849 infelice
856 1804 997 1857 Italia,
1023 1811 1068 1849 et
1090 1804 1295 1857 Francia,
1315 1811 1361 1847 et
1377 1804 1637 1857 Germania,
1658 1819 1684 1847 o
1700 1805 1797 1848 loro
1815 1819 1926 1848 con-

297 1881 393 1934 fini,
419 1882 569 1937 doppo
591 1896 682 1924 non
704 1880 830 1924 molti
852 1881 974 1936 anni,
998 1895 1078 1938 per
1100 1881 1305 1926 satisfare
1326 1882 1412 1926 alle
1435 1881 1585 1938 uoglie
1606 1882 1663 1924 de
1684 1881 1758 1924 doi
1780 1881 1930 1927 homi-—

298 1957 366 2010 ni,
398 1966 444 2003 et
473 1958 579 2001 forsi
608 1972 686 2014 per
722 1972 867 2014 puoca
904 1972 1013 2001 cura
1049 1958 1094 2001 di
1131 1958 1283 2014 quelli,
1324 1973 1350 2001 a
1386 1957 1507 2014 quali
1543 1965 1707 2001 tocaua
1736 1964 1931 2002 mettere

297 2035 326 2077 l’
347 2035 507 2079 istessa
529 2034 692 2087 anima,
719 2049 797 2091 per
814 2034 1098 2078 riconciliarli
1114 2049 1244 2079 come
1260 2034 1327 2078 soi
1343 2034 1516 2092 figlioli.
1539 2034 1698 2079 Lascio
1714 2035 1742 2077 li
1761 2035 1925 2091 stupri,

295 2111 326 2154 11
348 2111 573 2167 adulterij,
600 2118 645 2156 et
665 2111 897 2155 violationi
919 2111 964 2155 di
986 2125 1113 2156 sacre
1137 2111 1317 2168 virgini,
1343 2113 1384 2156 le
1407 2111 1703 2155 destructioni
1730 2112 1787 2155 de
1813 2125 1925 2155 con-

296 2188 459 2232 secrati
482 2188 632 2244 tempij
658 2189 714 2232 de
735 2188 842 2242 Dio,
863 2196 908 2231 et
925 2188 1030 2243 cita,
1050 2195 1095 2234 et
1117 2188 1218 2232 altri
1234 2189 1409 2246 luoghi,
1430 2196 1475 2233 et
1492 2188 1633 2241 roine,
1655 2195 1700 2233 et
1717 2188 1851 2233 exilio
1868 2189 1930 2232 de—

298 2265 468 2322 populi3
495 2267 659 2322 perche
682 2266 883 2322 ogniuno
906 2281 955 2308 sa
977 2273 1138 2321 questo
1160 2281 1239 2322 per
1259 2266 1402 2319 udito,
1428 2273 1473 2310 et
1500 2264 1627 2308 molti
1655 2280 1733 2321 per
1755 2264 1923 2321 pratica

300 2343 373 2386 del
395 2343 537 2399 patire
565 2342 697 2386 simili
719 2342 1007 2396 incommodi,
1032 2358 1106 2386 ma
1127 2343 1283 2399 quanti
1314 2343 1479 2400 puochi
1506 2343 1831 2399 consyderano,
1856 2343 1923 2385 ol-

301 2426 370 2462 tra
391 2420 434 2462 la
450 2419 623 2462 iactura
644 2420 701 2463 de
721 2419 861 2475 corpi,
887 2426 933 2464 et
948 2419 1054 2463 beni
1077 2420 1326 2477 temporali,
1347 2426 1515 2475 quanta
1535 2418 1601 2462 sia
1621 2420 1665 2462 la
1685 2418 1859 2475 perdita
1879 2418 1928 2461 di

302 2502 426 2539 tante
448 2495 628 2539 milliaia
649 2496 693 2538 d'
726 2494 888 2548 anime,
919 2498 1111 2540 essendo
1141 2496 1414 2542 nondimeno
1441 2511 1549 2542 vero
1570 2497 1655 2540 che
1681 2496 1724 2538 13
1751 2494 1931 2551 perdita

300 2573 346 2615 d’
370 2588 461 2616 una
483 2573 630 2616 anima
650 2574 675 2616 6
698 2579 870 2616 costata
891 2573 923 2615 il
944 2588 1119 2630 sangue
1135 2573 1314 2630 proprio
1336 2574 1378 2616 al
1399 2573 1569 2630 figliolo
1591 2573 1648 2617 de
1669 2571 1771 2616 Dio.
1798 2573 1930 2617 Sono

299 2649 427 2694 cechi
444 2649 474 2692 li
491 2649 695 2709 huomini
711 2664 791 2706 per
806 2650 849 2694 le
865 2649 1062 2706 passioni
1079 2651 1163 2695 che
1179 2651 1487 2695 obtenebrano
1504 2649 1535 2691 il
1552 2649 1672 2692 lume
1689 2649 1774 2692 del’
1790 2647 1926 2693 intel-

297 2727 425 2780 letto,
450 2726 659 2782 puoiche,
686 2726 902 2770 faccendo
925 2726 1039 2769 tanti
1060 2734 1106 2770 et
1127 2726 1204 2770 tali
1225 2726 1346 2779 mali,
1366 2740 1567 2783 pensano
1588 2727 1787 2768 anchora
1807 2726 1930 2768 bene

299 2803 408 2857 fare3
434 2810 480 2847 et
501 2803 626 2859 pero,
650 2818 676 2847 a
698 2803 922 2847 condurre
944 2818 968 2846 a
998 2804 1279 2848 saluamento
1307 2802 1442 2860 quelli
1465 2804 1550 2847 che
1571 2816 1663 2845 non
1694 2815 1926 2858 ueggano,

297 2880 323 2922 e
346 2879 539 2936 bisogno
560 2880 618 2924 de
638 2894 729 2922 vno
750 2881 834 2924 che
858 2879 903 2922 ui
933 2894 1066 2937 uega,
1100 2879 1196 2923 cioe
1224 2880 1297 2923 chi
1325 2880 1390 2924 sia
1417 2878 1537 2923 fuori
1564 2878 1608 2921 di
1631 2884 1789 2934 queste
1819 2891 1923 2934 pas-

298 2955 415 2999 sioni
434 2958 649 3009 humane,
673 2963 718 2999 et
740 2963 900 3012 questo
928 2956 1032 3000 setti
1060 2957 1149 3000 voi.
1177 2957 1242 3002 Su
1263 2958 1456 3009 donche,
1481 2970 1508 2999 o
1536 2954 1817 2999 sanctissimo
1843 2968 1925 3010 pa-

299 3033 396 3084 dre,
422 3039 586 3089 puosto
607 3034 664 3076 da
684 3032 772 3076 Dio
794 3047 820 3076 a
841 3033 989 3088 questi
1010 3033 1151 3076 nostri
1169 3032 1417 3077 turbulenti
1434 3031 1571 3088 tempi
1592 3032 1666 3076 nel
1682 3031 1852 3088 luogho
1868 3031 1931 3074 de
