2014 3470
259 215 329 253 472
745 208 983 244 EPISTOLAE
1015 208 1303 256 Mlx‘rAE—908

298 308 556 364 Inscriptio:
579 307 607 366 †
630 309 691 352 Al
711 309 850 352 molto
871 309 985 356 Rdo.
1011 308 1058 351 in
1079 308 1262 353 Christo
1288 311 1450 364 Padre,
1474 309 1508 353 il
1529 312 1581 355 Ρ.
1608 312 1672 355 Μ.
1698 310 1836 367 Igna-

161 430 162 433 ,
207 384 271 428 tio
293 385 349 428 de
371 385 556 441 Loyola,
581 385 806 441 preposito
828 386 1040 442 generale
1062 386 1178 429 della
1200 386 1483 444 Compagnia
1511 387 1569 432 de
1596 386 1749 439 LESV,
1785 385 1834 430 in

211 463 366 507 Roma.
389 462 496 505 Alia
517 476 674 505 manu:
696 463 797 506 R.ta
824 462 898 506 alli
921 472 943 517 5
967 463 1040 506 del
1062 462 1322 508 medesimO.

965 696 1091 737 9⁰8

688 797 1027 833 LAURENTIUS
1053 796 1355 833 CAVALIERE

585 881 771 924 PATRI
803 881 1064 924 IGNATIO
1096 882 1179 924 DE
1212 882 1471 926 LOYOLA

650 983 832 1010 TIBURE
862 982 883 1019 7
914 982 1201 1011 DECEMBms
1234 983 1344 1021 1554
1376 978 1406 1012 ¹.

213 1058 520 1093 Instrumentum
536 1056 753 1092 donationis
773 1056 908 1103 templi
925 1056 1103 1093 tiburtini
1120 1056 1342 1094 confectum
1356 1070 1459 1105 esse,
1474 1058 1541 1104 ait,
1557 1057 1843 1106 quamprimum

287 1117 446 1151 Romam
477 1115 908 1152 mittendum.—-Dotes
937 1115 1138 1162 cujusdam
1166 1116 1378 1161 candidati,
1413 1116 1651 1153 Societatem
1689 1116 1842 1163 ingredi

290 1175 566 1222 percupientis.

994 1272 996 1274 ,
1021 1240 1043 1274 †

988 1277 1076 1320 Ihs.

312 1373 408 1416 Pax
429 1371 540 1425 X.i,
566 1378 653 1415 etc.
678 1372 819 1416 Molto
841 1372 954 1415 Rdo.
985 1371 1032 1414 in
1053 1371 1138 1418 X.⁰
1163 1373 1323 1416 Padre.
1351 1371 1589 1425 Habiamo,
1615 1372 1732 1428 dopo
1761 1372 1847 1416 che

217 1448 301 1504 qui
322 1448 492 1492 ritorno
515 1448 546 1491 il
568 1455 723 1492 nostro
745 1448 921 1493 fratello
949 1448 1150 1492 Antonio
1179 1449 1212 1502 ²,
1247 1449 1358 1492 fatto
1385 1449 1564 1493 firmare
1591 1448 1665 1492 dal
1691 1454 1852 1493 notare.

222 1526 297 1570 del
329 1527 458 1570 Rmo.
495 1525 707 1582 episcopo
739 1524 956 1569 tiburtino
989 1526 1003 1546 ⁵
1037 1526 1080 1570 16
1109 1526 1231 1569 1)οΙ16
1263 1526 1380 1570 della
1411 1524 1703 1570 concessione
1733 1524 1850 1570 della

224 1602 392 1655 chiesa,
423 1611 468 1646 et
498 1602 685 1659 pigliata
710 1602 993 1659 possessione
1021 1603 1078 1646 de
1106 1617 1205 1647 essa
1226 1602 1378 1647 chiesa
1408 1609 1563 1646 nostra
1583 1602 1627 1647 in
1650 1601 1773 1650 virtsi
1793 1602 1851 1646 de

226 1680 348 1722 dette
369 1680 488 1723 bolle
510 1693 599 1722 con
620 1679 663 1722 la
685 1678 838 1723 debita
858 1678 1095 1731 solennita,
1122 1686 1167 1723 et
1194 1694 1274 1735 per
1295 1685 1456 1734 questo
1478 1685 1688 1735 presente
1709 1678 1850 1722 latore

226 1755 265 1798 si
285 1756 510 1799 mandano
533 1755 647 1798 costi
668 1756 791 1799 dette
812 1755 947 1808 bolle,
973 1754 1097 1802 accio
1119 1754 1156 1798 si
1184 1769 1479 1800 conserueno.
1506 1756 1610 1799 Non
1631 1754 1669 1798 si
1690 1756 1854 1799 manda

225 1833 388 1876 adesso
409 1832 452 1875 10
473 1831 774 1875 instrumento
796 1831 841 1874 di
862 1831 988 1876 detta
1015 1831 1316 1888 possessione,
1345 1832 1511 1888 perche
1533 1831 1564 1874 il
1585 1838 1743 1876 notare
1763 1846 1855 1876 non

229 1909 276 1952 10.
294 1910 471 1953 1130603
493 1910 690 1951 anchora
711 1914 841 1964 posto
863 1907 909 1951 in
931 1908 1061 1961 libro,
1081 1914 1127 1952 et
1143 1922 1233 1951 non
1255 1922 1448 1964 posseua
1469 1908 1562 1952 cosi
1582 1914 1734 1965 presto
1750 1908 1849 1952 dar-

228 2000 289 2029 ne
325 1986 451 2029 detto
487 1985 803 2038 instrument03
847 1991 892 2029 et
923 1985 1179 2029 accadendo
1218 1986 1303 2028 che
1341 1998 1517 2029 ueneua
1548 1984 1664 2028 costi
1695 1991 1856 2040 questo

232 2068 386 2110 nostro
408 2061 568 2116 amico,
588 2061 798 2104 habiamo
820 2076 900 2118 per
921 2075 1022 2105 esso
1044 2062 1204 2104 uoluto
1221 2062 1435 2121 mandare
1456 2062 1580 2105 dette
1601 2061 1735 2114 bolle,
1760 2059 1858 2107 acio

232 2152 391 2182 secure
407 2152 741 2195 peruenesseno
757 2138 886 2181 costi.
911 2138 972 2183 Se
987 2138 1152 2181 manda
1173 2137 1360 2182 insieme
1381 2139 1424 2182 la
1445 2138 1576 2195 copia
1596 2138 1669 2182 del
1689 2137 1857 2185 instru-

232 2222 386 2258 mento
419 2215 536 2258 della
567 2214 863 2259 censuatione
894 2215 967 2258 del
997 2217 1128 2258 horto
1161 2215 1217 2258 de
1249 2222 1378 2258 santa
1408 2214 1551 2258 Maria
1587 2215 1662 2259 del
1699 2216 1856 2268 Passo,

235 2292 346 2335 fatta
366 2291 483 2336 dalle
504 2293 726 2335 monache
747 2291 804 2334 de
831 2299 961 2335 santa
989 2291 1233 2336 Catherina
1257 2292 1298 2336 31
1321 2292 1435 2335 Rdo.
1467 2294 1531 2336 M.
1556 2292 1707 2347 Luyse
1729 2293 1860 2337 Men·

234 2369 347 2412 doza
370 2369 402 2411 ⁴.

325 2445 456 2489 Circa
477 2446 520 2488 la
541 2445 857 2488 informatione
877 2446 935 2490 de
951 2446 1055 2503 quel
1079 2446 1291 2503 giouene,
1316 2452 1471 2491 nostro
1492 2445 1651 2498 amico,
1671 2446 1755 2490 che
1778 2458 1861 2488 uo-

236 2523 339 2566 leua
359 2522 526 2566 intrare
554 2522 600 2565 in
630 2521 865 2579 religione,
898 2522 940 2565 io
962 2523 1003 2566 al
1034 2525 1085 2566 Ρ.
1112 2524 1174 2566 Μ.
1213 2523 1411 2568 Polanco
1440 2521 1591 2566 scrissi
1619 2522 1770 2578 quellov
1789 2535 1863 2564 sa-

312 2709 324 2730 *
374 2708 432 2742 Ex
450 2706 689 2753 autographo
707 2705 746 2741 in
764 2707 840 2741 vol.
860 2707 906 2752 E,
926 2705 1040 2741 unico
1057 2706 1163 2751 folio,
1183 2719 1221 2742 n.
1242 2713 1302 2752 27,
1321 2706 1428 2753 prius
1446 2704 1505 2741 36.

312 2769 326 2788 ²
377 2765 571 2801 Antonius
589 2765 638 2800 de
654 2765 828 2801 Robore.

314 2826 327 2845 ³
377 2825 548 2871 Joannes
568 2824 744 2860 Andreas
761 2823 897 2860 Croce.
918 2823 1017 2859 Vide
1036 2836 1164 2871 supra,
1184 2824 1299 2871 epist.
1319 2823 1403 2870 835,
1422 2823 1507 2872 838,
1525 2823 1608 2871 841,
1623 2823 1705 2870 842,
1728 2824 1767 2866 in
1784 2823 1866 2872 qui-

244 2885 316 2919 bus
334 2883 473 2930 fusius,
491 2895 590 2931 quae
608 2882 694 2919 heic
711 2883 966 2930 attinguntur,
985 2888 1217 2930 pertractata
1236 2887 1341 2919 sunt.

316 2945 331 2965 ⁴
379 2944 439 2979 De
459 2943 656 2978 Ludovico
674 2942 723 2978 de
741 2942 941 2987 Mendoza,
961 2942 1196 2988 segoviensi,
1222 2954 1338 2989 saepe
1362 2942 1550 2980 diximus:
1571 2942 1674 2979 illius
1700 2947 1760 2978 est
1785 2941 1866 2989 epi-

237 3003 343 3037 stola
361 3014 475 3049 supra
493 3002 633 3049 posita,
651 3013 693 3038 n.
717 3000 800 3047 849,
820 3012 911 3047 pag.
935 3000 1005 3047 309
1023 3006 1062 3037 et
1081 3013 1188 3048 seqq.
