2054 3496
807 259 850 296 13
874 260 1032 295 MARTn
1060 255 1164 304 1554'
1701 269 1743 305 91

162 363 312 408 Padre
333 362 554 416 ministro,
579 370 754 407 uenuto
782 362 840 406 de
867 375 1013 418 sopra,
1038 361 1124 404 che
1150 359 1195 403 io
1215 359 1483 405 desideraua
1504 360 1562 405 de
1583 375 1675 404 non
1696 376 1796 417 par-

159 440 252 484 lare
274 454 360 483 con
381 438 605 494 nisciuno,
640 438 748 482 fossi
774 437 848 482 chi
879 452 929 482 se
961 436 1143 491 uolessi,
1179 444 1225 482 et
1244 451 1326 494 per
1347 443 1508 492 questo
1539 452 1681 494 penso
1708 439 1796 482 che

158 517 426 560 commando
454 517 497 560 al
525 516 701 560 fratello
728 515 926 573 portiero
953 516 1038 559 che
1065 529 1157 558 non
1184 529 1258 558 me
1286 515 1478 557 lassasse
1503 515 1678 571 parlare
1705 529 1792 558 con

158 594 338 648 alcuno‚
362 601 409 637 et
429 593 459 636 li
482 592 759 637 remandassi
780 592 826 636 in
848 593 1040 648 qualche
1060 592 1196 635 modo
1217 590 1306 635 uia.

250 671 302 713 El
318 670 479 727 giorno
496 671 613 715 della
629 669 823 714 statione
838 670 896 714 de
917 670 965 714 S.
987 669 1213 723 Susanna,
1232 669 1429 712 oscendo
1446 667 1490 711 io
1505 668 1623 711 dalla
1639 668 1793 712 chiesa

159 748 216 791 de
239 748 288 792 S.
314 748 524 792 Susanna
545 761 629 790 con
651 746 727 790 doi
748 745 927 799 fratelli,
954 745 1088 789 ueddi
1109 746 1259 801 quello
1281 747 1365 788 che
1381 760 1459 789 era
1474 745 1566 789 mio
1587 752 1730 802 patre,
1750 746 1795 790 el

159 825 293 880 quale
315 839 389 869 me
410 823 603 867 chiamo.
630 825 677 867 Io
698 823 831 867 andai
847 824 905 866 da
926 822 1005 876 lui,
1024 822 1056 865 li
1073 824 1171 867 fece
1187 822 1459 876 reuerentia,
1478 830 1525 867 et
1545 823 1590 866 10
1611 822 1791 875 salutai,

158 909 205 945 et
227 900 291 944 lui
312 916 385 945 me
406 916 455 944 se
478 902 520 944 fe
553 900 761 944 incontro
794 901 1078 957 (pattendose
1098 901 1157 943 da
1187 899 1300 943 certi
1327 913 1413 943 con
1440 899 1471 942 li
1499 899 1621 955 quali
1647 899 1796 956 staua)

159 986 206 1023 et
223 993 296 1022 me
313 978 449 1022 disse:
470 979 568 1022 Che
584 992 676 1021 non
699 985 743 1021 te
764 992 823 1020 ne
843 976 1036 1020 reuieni?
1052 991 1207 1031 ouero,
1226 977 1407 1032 quando
1424 983 1469 1021 te
1491 990 1549 1020 ne
1566 976 1642 1020 uoi
1658 990 1794 1021 reue-

157 1055 255 1100 nire
277 1070 303 1098 a
325 1057 450 1098 casa?
472 1056 578 1112 (non
600 1070 674 1099 me
694 1055 882 1098 recordo
905 1068 1035 1098 come
1055 1053 1175 1098 disse
1196 1053 1591 1110 specificamente).
1618 1054 1716 1098 Che
1738 1067 1793 1098 ce

156 1131 234 1175 uoi
254 1131 333 1188 pis).
356 1132 451 1175 fare
470 1131 568 1187 qui?
589 1133 647 1174 Et
671 1131 716 1175 io
736 1131 767 1174 li
789 1131 925 1175 disse.
952 1133 1079 1175 Bona
1099 1145 1215 1184 sera,
1241 1138 1287 1175 et
1313 1145 1387 1175 me
1414 1130 1582 1175 ueniua
1605 1130 1694 1183 uia,
1718 1130 1788 1173 di-

156 1208 349 1252 cendoli.
374 1210 422 1252 Io
443 1223 535 1251 non
562 1223 696 1265 posso
724 1209 932 1265 parlarue
958 1223 1096 1252 senza
1116 1207 1313 1260 licentia,
1338 1215 1384 1252 et
1411 1207 1475 1250 lui
1502 1208 1789 1252 nondemeno

155 1300 227 1329 me
243 1285 421 1342 sequitc')
442 1285 723 1339 dicendome,
748 1288 832 1333 che
852 1288 1032 1331 haueua
1052 1285 1116 1328 lui
1137 1286 1309 1342 parlato
1330 1299 1416 1328 con
1439 1286 1481 1328 el
1510 1287 1564 1329 P.
1589 1285 1785 1342 Ignatio,

153 1370 200 1407 et
220 1362 264 1406 io
284 1362 315 1405 li
337 1362 473 1416 disse,
498 1365 584 1407 che
603 1377 696 1406 non
717 1378 791 1407 me
811 1365 991 1407 haueua
1016 1362 1131 1406 ditto
1159 1353 1313 1406 niente
1341 1378 1367 1406 a
1387 1377 1475 1416 me3
1500 1377 1579 1419 per
1607 1369 1785 1418 questo,

154 1442 238 1483 che
260 1454 452 1484 uenesse
484 1456 511 1484 a
542 1454 663 1494 0333,
689 1455 714 1485 0
736 1442 820 1484 che
852 1441 1051 1496 parlasse
1081 1454 1168 1483 con
1200 1440 1242 1484 el
1275 1441 1327 1482 P.
1365 1439 1530 1483 Olauio
1562 1441 1591 1492 ¹3
1626 1446 1672 1482 et
1692 1440 1787 1482 cosi

157 1531 306 1560 uenne
327 1516 402 1560 3111
426 1517 604 1570 fratelli,
630 1523 676 1560 et
697 1532 837 1574 penso
859 1531 949 1573 que
965 1517 1251 1561 domandassi
1274 1532 1300 1560 a
1315 1531 1388 1560 me
1405 1515 1726 1572 specialmente
1742 1523 1789 1559 et
1835 1561 1839 1564 ,

154 1609 182 1638 3
201 1594 298 1637 loro
319 1608 448 1638 come
469 1601 690 1638 stauamo.
717 1595 868 1638 Penso
887 1595 973 1638 che
993 1594 1090 1637 loro
1112 1601 1158 1637 et
1184 1593 1228 1637 io
1249 1593 1281 1636 li
1309 1593 1680 1650 respondessemo
1702 1595 1787 1636 che

155 1665 360 1714 stauamo
387 1672 519 1723 bene,
550 1678 596 1714 et
626 1671 690 1713 lui
722 1671 969 1728 soggionse
999 1687 1026 1715 a
1056 1671 1332 1715 domandare
1363 1670 1421 1713 ali
1443 1669 1605 1714 fratelli
1636 1671 1787 1713 donde

154 1761 308 1801 erano,
333 1754 380 1791 et
399 1747 531 1804 depoi
554 1747 689 1801 disse,
714 1748 882 1805 meglio
903 1749 929 1792 e
950 1748 1008 1792 de
1037 1747 1194 1792 uenire
1215 1749 1289 1791 dal
1312 1749 1364 1791 P.
1402 1746 1583 1799 Olauio,
1615 1754 1661 1791 et
1687 1748 1784 1791 cosi

154 1824 407 1882 partimmo.

241 1901 439 1947 Giouedi
459 1909 654 1959 passato,
680 1904 766 1946 che
788 1903 837 1946 fu
858 1918 885 1947 a
905 1903 951 1946 di
979 1910 1096 1948 sette
1116 1903 1174 1948 de
1195 1909 1357 1959 questo
1378 1917 1500 1946 mese
1521 1903 1578 1946 de
1609 1904 1781 1956 Marzo,

152 1980 334 2024 retorno
355 1981 469 2023 altra
485 1981 609 2023 uolta
625 1980 667 2023 el
683 1981 890 2037 predetto
906 1980 1200 2038 Guiglielmo‚
1220 1995 1246 2024 e
1265 1980 1472 2024 uedendo
1494 1981 1579 2024 che
1594 1979 1785 2023 nissuno

151 2070 224 2100 me
245 2056 276 2098 li
300 2057 458 2101 faceua
479 2058 653 2113 parlare
674 2067 720 2102 et
743 2058 795 2114 (si
816 2072 944 2102 come
965 2057 1029 2101 lui
1051 2073 1124 2102 me
1145 2057 1280 2113 disse)
1302 2057 1549 2100 essendoce
1570 2063 1690 2100 stato
1706 2056 1784 2112 pin

151 2133 291 2187 uolte‚
315 2135 374 2177 ne
394 2135 679 2179 hauendome
701 2141 861 2191 potuto
881 2135 1070 2191 parlare,
1095 2135 1274 2191 aspetto
1294 2135 1386 2178 fina
1407 2134 1538 2190 depoi
1562 2133 1725 2177 fornite
1741 2135 1785 2178 le

149 2210 355 2263 lettione,
380 2211 716 2268 passeggiando
743 2226 823 2268 per
844 2212 886 2256 el
907 2211 1064 2255 cortile
1085 2212 1159 2255 del
1179 2218 1335 2254 nostro
1363 2210 1573 2267 collegio,
1604 2217 1650 2254 et
1678 2225 1782 2267 pas-

151 2287 293 2330 sando
315 2287 358 2330 io
378 2303 460 2344 per
481 2289 575 2332 fare
597 2288 826 2342 exercitio,
857 2303 931 2334 me
952 2289 1143 2332 chiamo.
1178 2291 1226 2332 Io
1246 2289 1303 2332 al'
1329 2290 1442 2332 hora
1472 2303 1563 2332 non
1590 2288 1620 2331 li
1641 2288 1782 2345 parlai

152 2378 178 2407 a
199 2364 355 2421 longo,
380 2379 455 2408 ma
475 2365 608 2422 depoi
630 2365 791 2419 tornai,
815 2372 860 2410 et
882 2380 955 2409 me
980 2365 1100 2410 disse
1122 2380 1299 2411 esserce
1327 2373 1445 2409 stato
1472 2366 1610 2410 molte
1640 2366 1778 2417 uolte,

151 2447 198 2483 et
218 2441 306 2484 mai
328 2443 543 2487 hauerme
563 2449 723 2499 potuto
744 2444 932 2499 parlare.
958 2445 1006 2487 Io
1026 2458 1099 2486 me
1121 2443 1270 2486 scusai
1291 2445 1377 2488 che
1404 2443 1447 2486 el
1468 2451 1618 2499 tempo
1639 2443 1780 2486 breue

149 2524 196 2561 et
217 2517 332 2561 altro
353 2525 551 2574 respetto
571 2534 664 2562 non
684 2520 729 2562 10
751 2521 1087 2564 concedeuano.
1120 2521 1195 2563 Me
1216 2521 1432 2563 comenzo
1459 2535 1485 2562 a
1512 2519 1608 2563 dire
1630 2521 1715 2562 che
1736 2519 1781 2561 io

150 2608 240 2638 non
262 2595 441 2639 haueua
462 2596 520 2639 da
540 2610 750 2643 mancare
772 2598 829 2641 de
855 2597 949 2641 fare
977 2598 1126 2652 quello
1148 2598 1233 2640 che
1263 2596 1327 2639 lui
1354 2611 1425 2640 me
1455 2596 1631 2648 diceua‚
1663 2596 1781 2639 refe—

147 2671 361 2714 'rendome
383 2671 414 2714 li
436 2673 619 2721 lamenti
641 2681 686 2717 et
702 2688 930 2730 promesse
951 2674 1009 2719 de
1030 2674 1182 2730 quello
1204 2676 1290 2718 che
1311 2689 1387 2719 era
1408 2674 1498 2717 mio
1519 2680 1661 2730 patre:
1686 2672 1784 2715 cioe

147 2748 232 2789 che
250 2761 300 2791 se
320 2748 577 2792 lamentaua
598 2751 683 2794 che
706 2764 795 2793 non
820 2765 892 2794 me
912 2757 1080 2807 poteua
1102 2751 1292 2807 parlare,
1318 2758 1364 2795 et
1385 2753 1469 2794 che
1491 2765 1582 2793 non
1603 2764 1679 2793 era
1695 2750 1785 2792 las—

146 2829 247 2866 sato
270 2825 436 2868 andare
458 2841 485 2868 a
506 2840 625 2880 casa,
650 2834 696 2870 et
717 2829 803 2872 che
823 2834 990 2884 poteua
1011 2827 1191 2881 morire,
1221 2830 1306 2872 che
1333 2835 1464 2872 stauo
1491 2841 1619 2871 come
1646 2840 1782 2882 preg-

149 2886 302 2955 gione,
329 2908 375 2945 et
395 2916 536 2958 penso
558 2905 642 2947 che
663 2919 735 2949 me
757 2905 931 2950 dicesse
952 2907 1037 2950 che
1058 2920 1135 2949 era
1155 2905 1403 2950 deliberato
1425 2906 1482 2948 de
1503 2893 1718 2947 hauerme
1739 2902 1785 2944 in

226 3068 236 3087 ¹
287 3066 334 3102 Ρ.
359 3068 547 3104 Martinus
564 3068 703 3106 Olave.
