2060 3432
322 225 390 271 782
805 221 1044 258 prsToLAE
1069 219 1382 256 Mirus—1008

274 333 394 370 11310
430 339 615 383 patesce
651 327 678 368 a
705 325 763 369 V.
805 325 858 367 P.
894 322 1165 366 mandamos
1193 321 1387 379 algunos
1414 319 1586 373 auisos,
1617 318 1906 365 recibiremos

274 402 580 456 consolation,
611 416 783 459 porque
809 400 1100 444 dilataremos
1131 399 1173 442 el
1201 399 1363 444 effecto
1390 398 1465 442 del
1490 399 1620 442 hasta
1647 396 1778 442 uenir
1808 402 1906 441 este

278 480 441 525 recado
468 480 526 523 de
546 480 647 523 3113.
680 480 865 536 Quanto
892 481 919 521 a
945 477 989 521 13
1017 475 1267 534 obligation
1294 476 1351 520 de
1372 482 1499 533 parte
1526 474 1598 518 del
1624 488 1704 531 rey
1725 477 1806 518 363
1835 487 1900 526 65,

275 572 368 614 que
389 571 472 601 nos
493 557 549 600 de
572 554 875 600 sustentation
895 568 1003 611 para
1024 553 1173 598 ciento
1200 568 1230 610 y
1250 552 1490 608 sinquenta
1511 565 1600 595 con
1626 558 1778 595 rentas
1799 565 1903 607 per—

279 641 453 692 petuas,
473 649 503 691 y
519 648 607 690 que
624 647 706 676 nos
723 632 862 676 acabe
878 631 936 676 de
951 630 1134 675 edificar
1150 630 1192 674 el
1208 628 1420 686 collegio.
1440 629 1579 672 Entre
1595 634 1722 671 tanto
1739 641 1828 684 que
1844 641 1904 670 no

276 712 483 757 vinieren
518 712 584 754 las
620 710 770 767 reglas
797 709 854 753 de
880 710 1046 762 Roma,
1077 707 1401 765 guardaremos
1427 706 1494 749 135
1524 719 1612 762 que
1639 704 1749 748 ellos
1775 706 1906 748 hasta

276 803 421 846 agora
443 790 531 832 han
557 788 711 832 tenido
733 801 791 831 en
812 786 871 830 ell
892 785 1095 843 collegio.
1120 786 1164 829 A
1187 794 1241 840 25
1265 784 1323 828 de
1344 784 1523 840 Agosto
1544 788 1632 825 3ᾔο
1660 791 1785 836 1555.

1491 861 1667 903 MIRoN.

369 942 628 999 Inscriptio:
652 943 766 985 Para
788 947 975 984 nuestro
998 940 1144 983 Padre
1165 938 1357 996 Ignatio.

366 1020 475 1063 Alia
492 1034 651 1062 manu:
671 1019 772 1063 R.ta
794 1017 868 1062 alli
891 1030 947 1061 20
968 1017 1228 1062 d'Ottobre.

1018 1250 1176 1291 1⁰08

799 1351 1134 1390 HIPPOLYTUS
1160 1352 1231 1388 DE
1256 1351 1385 1388 ESTE

887 1447 1094 1484 cardinalis
1112 1447 1311 1484 Ferrariae

652 1538 839 1581 PATRI
869 1538 1132 1582 IGNATIO
1164 1538 1248 1581 DE
1279 1537 1538 1582 LOYOLA

796 1627 951 1668 TIBURE
977 1639 997 1676 5
1024 1639 1207 1668 AUGUSTI
1236 1639 1324 1677 1555
1353 1633 1385 1668 ¹.

281 1721 536 1758 Benedictum
555 1720 760 1766 Palmium,
780 1720 820 1756 in
838 1721 974 1756 urbem
998 1725 1278 1766 revertentem,
1296 1720 1346 1756 de
1368 1733 1410 1757 re
1428 1721 1564 1757 Tiburi
1582 1722 1683 1757 bene
1699 1727 1813 1768 gesta
1831 1723 1911 1758 lau-

339 1780 568 1818 dat.-Suis
588 1780 690 1816 votis
708 1779 817 1816 illum
835 1780 929 1815 satis
944 1779 1100 1826 fecisse,
1119 1779 1228 1824 dicit;
1247 1792 1366 1827 quare
1384 1779 1536 1827 Ignatio
1552 1780 1698 1827 gratias
1714 1781 1847 1817 habet.

372 1866 513 1909 Molto
535 1865 649 1908 Rdo.
677 1864 839 1908 Padre.
871 1863 1150 1907 Ritornando
1179 1878 1314 1907 uerso
1343 1865 1400 1908 V.
1435 1866 1486 1907 P.
1519 1863 1550 1906 il
1578 1864 1692 1908 Rdo.
1724 1866 1787 1909 M.
1818 1865 1909 1909 don

283 1943 536 1987 Benedetto
559 1943 592 1996 ²,
617 1943 703 1986 che
723 1941 808 1985 ella
829 1940 866 1984 si
889 1940 1102 1985 contento
1124 1941 1311 1984 mandar
1330 1941 1479 1984 l'altro
1501 1940 1662 1998 giorno
1683 1940 1730 1984 in
1751 1949 1911 1998 questo

282 2020 426 2076 luogo
450 2034 475 2062 3
497 2017 849 2075 contemplation
871 2017 975 2070 mia,
1001 2032 1089 2060 non
1122 2019 1180 2061 ho
1206 2018 1364 2061 uoluto
1391 2032 1574 2062 mancar
1603 2017 1648 2061 di
1676 2033 1913 2076 accompa—

285 2097 444 2154 gnarlo
466 2111 553 2140 con
575 2094 722 2152 questi
738 2095 870 2151 pochi
888 2095 1008 2139 uersi
1030 2110 1108 2152 per
1125 2095 1410 2152 ringratiarla
1425 2095 1568 2152 prima
1590 2103 1760 2151 quanto
1777 2111 1914 2152 posso

281 2175 403 2218 della
422 2180 664 2231 prontezza
685 2187 771 2216 con
787 2174 872 2217 che
894 2173 979 2217 6113
995 2172 1032 2216 si
1049 2186 1208 2228 espose
1225 2187 1251 2215 a
1267 2173 1513 2227 mandarlo,
1533 2180 1579 2216 et
1594 2172 1782 2218 insieme
1797 2173 1914 2218 della

285 2252 425 2294 molta
446 2249 753 2294 consolatione
774 2251 859 2294 che
874 2264 954 2306 per
971 2263 1125 2294 mezzo
1142 2263 1225 2292 suo
1246 2251 1305 2292 ha
1321 2249 1441 2302 data,
1461 2264 1552 2293 non
1569 2250 1665 2293 solo
1686 2265 1712 2294 a
1732 2265 1820 2303 me,
1841 2264 1914 2295 ma

282 2344 312 2372 -3
332 2328 407 2372 noi
430 2327 551 2371 tutti.
578 2328 675 2371 Che
696 2326 743 2369 in
765 2341 874 2370 uero
896 2327 921 2370 6
943 2332 1060 2370 51313
1075 2326 1214 2369 1110110
1232 2327 1461 2370 conforme
1476 2333 1522 2370 et
1537 2327 1580 2370 31
1596 2326 1806 2370 disiderio
1822 2326 1912 2371 mio

283 2412 332 2450 et
360 2421 386 2449 3
417 2405 567 2461 quella
593 2404 892 2460 espettatione
919 2405 1004 2448 che
1031 2403 1070 2446 si
1095 2404 1241 2447 debbe
1268 2404 1437 2448 hauere
1463 2403 1587 2461 degli
1614 2403 1760 2447 ottimi
1783 2403 1910 2447 frutti

283 2482 332 2526 di
355 2484 408 2526 P.
434 2482 512 2534 V.‚
538 2481 729 2526 essendo
752 2487 912 2536 questo
936 2482 1083 2525 Padre
1104 2487 1379 2525 certamente
1401 2488 1445 2526 et
1466 2496 1547 2537 per
1568 2482 1610 2524 13
1636 2482 1788 2525 buona
1808 2481 1911 2524 dot-

287 2559 404 2603 trina
419 2566 465 2603 et
482 2573 562 2615 per
578 2559 621 2601 13
638 2557 778 2602 carita
795 2565 840 2602 et
857 2559 969 2611 zelo,
984 2572 1070 2601 con
1086 2559 1171 2601 che
1187 2571 1386 2614 esponne
1402 2558 1443 2601 16
1460 2572 1565 2603 6056
1582 2572 1679 2611 sue,
1700 2564 1826 2601 tanto
1842 2558 1912 2601 di-

285 2635 542 2688 siderabile‚
569 2641 738 2691 quanto
760 2634 798 2677 si
820 2650 956 2691 possa
985 2635 1053 2678 dir
1075 2634 1167 2691 piu.
1201 2636 1248 2678 Io
1276 2649 1333 2678 ne
1361 2635 1402 2678 16
1430 2641 1552 2679 16510
1568 2649 1649 2691 per
1676 2641 1800 2679 tanto
1828 2649 1915 2679 con

286 2713 425 2756 molto
448 2712 601 2769 obligo
622 2712 696 2756 del
718 2718 852 2755 tutto.
880 2713 937 2755 Et
959 2726 1008 2755 se
1030 2726 1223 2755 conosce
1240 2713 1325 2756 6116
1341 2711 1384 2755 io
1401 2712 1468 2755 sia
1488 2712 1643 2756 buono
1665 2728 1691 2756 a
1713 2712 1916 2756 renderle

286 2789 317 2832 il
339 2789 515 2833 cambio
538 2788 584 2831 in
607 2803 712 2832 cosa
741 2789 926 2847 alcuna,
958 2789 1194 2833 l'assicuro
1221 2791 1306 2834 che
1333 2789 1394 2832 mi
1424 2791 1602 2833 trouera
1631 2789 1917 2846 prontissimo

228 2869 231 2873 '
285 2881 480 2922 sempre,
500 2866 595 2910 cosi
614 2880 692 2922 per
708 2867 943 2910 commodo
962 2874 1007 2911 et
1030 2866 1310 2911 sodisfattion
1334 2867 1450 2910 della
1466 2866 1792 2924 congregation
1814 2880 1912 2919 sua,

362 2975 371 2994 ¹
422 2973 480 3007 Ex
500 2972 679 3019 originali
699 2973 739 3008 in
756 2973 834 3008 vol.
855 2973 983 3020 Epist.
1003 2974 1269 3015 diversorum,
1288 2972 1433 3020 duplici
1450 2972 1554 3017 folio,
1575 2985 1614 3009 n.
1638 2980 1718 3018 105,
1733 2972 1838 3020 prius
1850 2981 1911 3018 42.

358 3034 372 3053 ⁴²
423 3032 464 3067 P.
486 3032 723 3068 Benedictus
741 3031 927 3079 Palmius,
946 3032 1056 3079 cujus
1074 3033 1122 3068 ad
1140 3032 1333 3079 Ignatium
1353 3032 1553 3080 epistolam
1572 3044 1686 3079 supra
1704 3031 1909 3068 edidimus.
