2060 3450
365 223 435 259 608
852 225 1092 260 EPISTOLAE
1117 223 1287 260 M1XTAE
1297 234 1380 270 —94
1391 235 1414 270 9

316 340 418 370 com
440 325 514 369 voi
537 326 678 384 (come
700 340 800 369 com
822 340 1014 383 persona
1035 327 1120 369 che
1141 324 1179 368 si
1201 325 1372 378 diletta,
1398 340 1490 369 non
1507 326 1563 370 de
1585 326 1857 381 adulatione,
1877 342 1957 373 ma

317 403 362 447 di
384 403 560 458 verita),
586 401 676 447 no'n
697 417 775 459 per
792 404 965 459 parlare
981 403 1097 445 male
1114 403 1157 445 d'
1179 402 1327 455 astrui,
1348 417 1422 445 ma
1438 416 1517 459 per
1532 402 1564 445 il
1579 417 1818 448 commune
1833 405 1952 449 bene

318 481 419 526 dela
446 495 529 524 sua
556 480 705 525 chiesa
735 488 781 523 et
809 482 979 523 honore
1008 489 1183 533 vostro,
1213 481 1299 524 che
1334 494 1423 523 non
1458 480 1506 523 ui
1537 480 1754 525 lassiareti
1781 481 1950 527 intrare

317 564 477 613 questa
514 557 687 614 tignola
723 558 810 600 del’
852 571 1004 601 amore
1040 556 1241 613 proprio,
1272 558 1330 600 ne
1366 556 1456 599 deli
1491 557 1633 600 vostri
1669 558 1844 613 parenti
1874 560 1948 604 nel

316 633 482 687 animo;
507 649 580 677 ma
602 636 686 678 che
709 640 828 676 tutto
853 632 982 678 fareti
1003 633 1237 677 conforme
1259 634 1328 676 ala
1351 633 1538 690 ragione
1559 640 1605 678 et
1626 635 1712 677 alla
1739 635 1951 679 doctrina

315 711 598 768 euangelica,
624 725 755 755 come
777 710 1000 755 conuiene
1021 711 1108 753 alla
1129 709 1304 767 dignita
1327 717 1372 755 et
1400 710 1619 766 sapientia
1650 718 1819 766 vostra,
1844 727 1950 768 pro-

315 789 531 840 curando,
558 802 649 831 non
671 788 712 830 le
735 787 989 844 grandezze
1011 787 1085 831 del
1101 788 1281 839 mondo,
1301 802 1375 830 ma
1396 787 1437 830 la
1454 788 1709 843 grandezza
1726 788 1827 832 dele
1841 802 1954 832 vere

313 872 359 908 et
381 865 489 910 reali
511 864 646 918 virtu,
673 871 799 907 tanto
821 863 869 907 in
889 863 921 906 li
942 863 1083 907 vostri
1114 871 1284 919 quanto
1311 863 1401 907 neli
1433 864 1555 918 altri;
1586 871 1632 907 et
1659 872 1842 921 questo,
1867 880 1949 922 per

312 943 546 985 attendere
567 942 610 984 al
630 941 748 985 bene
769 954 1008 984 commune
1030 941 1104 984 del
1124 955 1267 997 grege
1289 942 1346 984 de
1366 940 1473 994 Dio,
1499 956 1525 984 a
1544 941 1635 995 voi,
1662 955 1790 986 come
1811 942 1944 987 fidele

311 1025 514 1075 pastore,
550 1032 817 1062 commesso.
858 1018 893 1060 11
930 1018 1063 1073 quale
1099 1027 1198 1060 com
1231 1024 1349 1060 tutto
1379 1017 1410 1060 il
1437 1031 1574 1062 cuore
1604 1017 1808 1074 supplico
1835 1018 1947 1076 ogni

312 1095 473 1153 giorno
496 1094 585 1140 neli
607 1094 712 1139 miei
741 1094 947 1150 sacrificij
972 1101 1018 1140 et
1038 1094 1252 1148 orationi,
1278 1094 1522 1150 qualunchi
1549 1094 1690 1148 siano,
1720 1102 1949 1152 prostrato

293 1166 453 1215 'inanti
487 1173 530 1214 la
566 1187 650 1215 sua
686 1178 842 1215 eterna
863 1171 1168 1216 misericordia
1201 1178 1247 1216 et
1283 1172 1443 1226 bonta,
1474 1173 1574 1225 che,
1604 1172 1698 1215 cosi
1725 1186 1854 1217 come
1880 1171 1943 1216 mi

308 1249 472 1293 exaudi
499 1249 530 1291 11
558 1248 705 1305 giorni
734 1247 924 1304 passati,
955 1248 1136 1305 quando
1163 1248 1206 1291 lo
1234 1263 1459 1305 pregrauo
1487 1248 1525 1291 si
1552 1249 1776 1305 degnasse
1802 1263 1883 1306 per
1908 1249 1940 1292 il

308 1327 426 1371 bene
447 1340 687 1369 commune
709 1325 755 1368 di
777 1326 870 1368 fare
892 1324 1107 1369 elettione
1129 1325 1174 1368 di
1197 1332 1348 1368 vostra
1371 1340 1561 1381 persona
1589 1325 1636 1369 in
1663 1340 1746 1369 suo
1767 1325 1942 1370 vicario

306 1403 519 1460 generale
544 1401 895 1460 (confidandomi
916 1402 1018 1446 nele
1033 1416 1133 1446 rare
1155 1409 1200 1446 et
1216 1401 1453 1446 excellenti
1469 1401 1591 1445 virtu
1610 1409 1775 1455 uostre,
1796 1409 1842 1447 et
1858 1417 1937 1446 co-

306 1479 436 1536 piosa
457 1479 603 1536 gratia
625 1479 738 1536 sua),
764 1479 857 1522 cosi
879 1477 940 1521 mi
969 1478 1226 1532 exaudisca,
1253 1479 1432 1534 quando
1455 1478 1868 1534 quotidianamente
1889 1481 1939 1526 lo

302 1557 511 1613 poegarb,
536 1556 574 1599 si
595 1555 734 1612 degni
756 1555 885 1599 darui
906 1555 937 1598 il
958 1570 1042 1598 suo
1063 1555 1235 1612 spirito,
1259 1563 1304 1599 et
1327 1556 1415 1600 tale
1437 1555 1728 1612 exemplarita
1754 1555 1800 1599 di
1821 1556 1932 1610 vita,

303 1634 387 1676 che
404 1632 506 1676 siati
524 1646 652 1676 come
669 1632 700 1674 il
717 1632 812 1676 sole
828 1632 902 1676 nel
919 1632 1200 1675 firmamento
1221 1634 1231 1653 ¹
1252 1632 1431 1687 quando
1445 1633 1562 1685 luce,
1577 1639 1623 1675 et
1637 1646 1737 1675 com
1751 1633 1794 1676 13
1807 1632 1937 1676 chia-

302 1723 432 1753 rezza
454 1724 536 1753 sua
552 1708 720 1752 letifica
736 1708 846 1765 ogni
863 1708 990 1751 triste
1006 1708 1178 1764 spirito,
1199 1716 1244 1752 et
1260 1709 1412 1752 scalda
1428 1709 1471 1752 la
1488 1716 1606 1753 terra
1622 1708 1667 1752 di
1685 1694 1774 1754 tale
1789 1717 1931 1762 sorte,

298 1789 384 1831 che
405 1786 436 1828 li
459 1787 502 1830 fa
523 1786 718 1842 produre
741 1785 805 1842 gli
828 1784 1044 1842 giocundi
1069 1784 1196 1827 frutti
1217 1792 1263 1829 et
1285 1784 1405 1837 fiori,
1432 1784 1642 1829 accioche
1664 1785 1832 1829 ritorna
1854 1787 1930 1831 nel

298 1878 381 1906 suo
401 1862 509 1906 viuo
531 1863 696 1915 colore,
722 1863 779 1904 da
809 1863 896 1904 tale
923 1862 1046 1904 lume
1072 1861 1313 1914 illustrata,
1344 1862 1388 1904 13
1410 1861 1523 1905 facie
1545 1862 1590 1904 di
1613 1869 1773 1917 questa
1800 1869 1930 1906 tanto

296 1939 468 1993 afflitta‚
495 1947 540 1984 et
561 1938 825 1995 impallidita
846 1938 998 1983 chiesa
1019 1953 1222 1990 romana,
1246 1938 1347 1982 dela
1376 1939 1508 1994 quale
1530 1938 1617 1982 Dio
1640 1939 1686 1982 ui
1708 1940 1766 1982 ha
1788 1940 1932 1983 eletto

293 2031 405 2073 capo
422 2016 678 2060 vniuersale
695 2015 739 2057 in
759 2022 893 2069 terra,
910 2016 1074 2071 perche
1091 2015 1283 2058 al’lhora
1299 2021 1423 2058 tanto
1438 2015 1476 2058 si
1490 2016 1717 2071 ralegrara
1730 2016 1759 2058 l'
1776 2015 1930 2060 anima-

292 2093 396 2147 mia,
422 2093 609 2137 insieme
630 2106 730 2135 com
754 2099 872 2135 tutte
893 2092 935 2136 le
952 2091 1023 2148 pie
1041 2091 1196 2144 menti,
1216 2093 1302 2134 che
1318 2107 1398 2148 per
1414 2092 1457 2135 la
1474 2093 1646 2148 grande
1669 2093 1918 2149 alegrezza,

290 2170 466 2214 liberati
488 2171 545 2213 da
568 2177 727 2225 questo
750 2170 981 2225 Aegypto,
1001 2175 1259 2213 cantaremo
1277 2183 1376 2212 com
1394 2170 1538 2212 Mose:
1560 2169 1808 2212 Cantemus
1823 2171 1919 2213 Do-

289 2246 428 2301 mino,
468 2246 664 2304 gloriose
701 2245 820 2288 enim
858 2244 1176 2302 magnificatus
1212 2251 1280 2288 est
1298 2280 1306 2299 ,
1347 2259 1515 2301 equum
1551 2252 1597 2289 et
1633 2260 1917 2291 ascensorem

2041 864 2060 889 Ι

288 2324 454 2369 deiecit
476 2324 523 2366 in
545 2337 669 2366 mare
698 2323 730 2365 ².

379 2401 520 2445 Molte
541 2401 653 2443 altre
690 2413 794 2442 cose
823 2398 883 2440 mi
912 2412 1193 2442 occoreuano
1221 2414 1247 2442 a
1274 2398 1516 2451 scriuerui,
1547 2398 1806 2442 beatissimo
1833 2414 1914 2455 pa-

284 2479 379 2531 dre3
395 2492 468 2520 ma
484 2492 563 2533 per
579 2490 671 2519 non
689 2474 910 2518 fastidirui
927 2482 1147 2531 occupato
1164 2475 1210 2518 in
1227 2475 1340 2518 altre
1356 2490 1478 2528 cose,
1498 2474 1691 2518 maxime
1706 2475 1752 2517 in
1765 2475 1913 2530 questi

281 2553 510 2610 principij,
542 2567 694 2609 pongo
729 2553 818 2595 fine
846 2553 889 2595 al
918 2552 1006 2595 mio
1034 2552 1151 2606 dire,
1182 2551 1546 2595 domandandoui
1573 2567 1653 2608 per
1680 2566 1837 2596 manza
1864 2552 1909 2594 di

282 2638 443 2686 questo
475 2628 631 2673 vostro
659 2642 831 2672 sommo
858 2628 1142 2684 pontificato,
1173 2643 1265 2672 non
1292 2628 1498 2684 beneficij
1514 2661 1523 2681 ,
1554 2629 1612 2672 ne
1640 2628 1821 2681 honori,
1851 2630 1911 2672 ne

282 2707 489 2751 richezze
510 2706 555 2748 di
577 2711 738 2761 questo
760 2706 948 2758 mondo;
974 2720 1047 2748 ma
1068 2705 1165 2748 solo
1188 2706 1271 2748 che
1299 2704 1543 2748 abbraciati
1565 2711 1724 2760 questa
1752 2711 1910 2748 sancta

278 2782 473 2840 impresa
504 2783 605 2825 dela
636 2780 959 2825 reformatione
988 2782 1089 2826 dela
1116 2781 1289 2834 chiesa,
1319 2796 1399 2838 per
1426 2782 1469 2824 la
1495 2781 1628 2838 quale
1654 2788 1806 2837 presto
1834 2780 1902 2824 in-

349 2968 358 2988 ¹
409 2965 741 3013 Ms.fiarment0.

344 3027 358 3046 ²
408 3026 542 3061 Exon.
562 3032 632 3065 xv,
655 3031 689 3061 1.
