2060 3450
382 284 453 329 564
873 284 1116 320 EP1STOLAE
1142 283 1428 330 Mix’rAE-938

333 386 498 429 acabar
529 385 586 430 de
614 400 813 442 perezer,
845 384 883 428 si
911 399 971 428 no
1003 385 1071 428 105
1099 383 1259 441 guiara
1286 391 1472 428 nuestro
1505 385 1651 430 Seflor
1677 388 1704 428 3
1730 400 1791 428 vn
1813 385 1973 441 lugar,

333 463 482 506 donde
503 463 572 506 105
592 466 794 519 proueyo
816 462 873 506 de
894 462 1100 518 lymosna
1120 475 1150 516 y
1171 460 1370 505 remedio
1388 467 1596 504 vastante
1621 475 1729 518 para
1756 476 1887 517 pasar
1908 475 1973 505 su.

329 539 522 583 camino.
1345 551 1347 553 ·

418 616 472 659 El
502 618 554 659 P.
585 616 815 670 Gonealez
843 629 873 671 y
899 615 942 658 el
971 616 1023 658 Ρ.
1055 604 1193 657 Ᾰο113
1219 629 1249 670 y
1276 621 1375 657 otro
1404 615 1638 666 hermano,
1669 613 1880 658 viniendo
1901 615 1958 658 de

329 693 568 737 Santlucar
590 697 615 736 3
637 699 733 735 esta
755 691 935 747 eiudad,
967 705 1016 735 se
1043 690 1204 735 vieron
1231 690 1360 747 quasi
1386 706 1445 735 en
1471 698 1569 734 otra
1597 691 1859 746 semejante,
1883 705 1957 734 56-

327 773 425 826 gun
446 770 489 813 la
512 776 737 813 tormenta
758 783 847 824 que
867 769 973 812 vbo.
999 768 1042 811 A
1065 768 1132 810 los
1153 782 1267 811 vnos
1289 782 1319 823 y
1340 771 1367 811 3
1386 768 1455 811 105
1472 773 1596 811 otros
1611 768 1654 811 13
1675 766 1955 823 006(1160613,

326 861 418 903 que
439 847 506 889 105
527 846 733 898 enviaba,
754 852 800 889 et
816 844 1057 897 Dominus,
1078 843 1321 901 assumpsit
1337 850 1383 888 et
1399 843 1609 889 liberauit
1625 845 1682 888 de
1698 843 1828 900 aquis
1843 845 1971 887 mul-b

328 923 386 967 tis
415 925 440 967 ¹.

416 1000 468 1043 El
489 1003 701 1056 marques
729 1001 785 1043 de
814 1000 988 1043 Canete
1015 999 1049 1052 ³,
1075 1013 1164 1054 que
1184 1013 1242 1041 va
1269 1012 1353 1055 por
1378 998 1558 1054 visorey
1585 998 1627 1041 al
1657 1000 1792 1050 Peru,
1812 996 1956 1042 escri-

327 1076 402 1120 uio
428 1081 455 1120 3
484 1083 671 1119 nuestro
703 1078 755 1120 P.
791 1077 827 1119 F
830 1075 1034 1119 rancisco
1061 1090 1151 1118 vna
1176 1082 1321 1127 carta,
1352 1089 1410 1119 en
1437 1075 1480 1118 13
1508 1075 1613 1130 qual
1639 1075 1682 1118 16
1712 1074 1844 1131 pedia
1869 1088 1956 1117 con

323 1168 438 1211 gran
460 1153 680 1208 instanoia
701 1154 786 1196 dos
809 1153 978 1196 Padres
1000 1166 1107 1208 para
1129 1166 1218 1207 que
1240 1152 1400 1195 fueran
1427 1165 1513 1195 con
1540 1151 1596 1195 61.
1629 1150 1756 1195 Vista
1786 1151 1828 1194 13
1848 1165 1955 1193 063-

322 1230 437 1283 5100,
458 1246 487 1287 y
508 1231 551 1274 13
573 1244 768 1287 persona
784 1244 872 1285 que
894 1230 938 1272 lo
960 1229 1106 1285 pedia,
1126 1243 1156 1285 y
1172 1229 1214 1273 el
1230 1229 1364 1271 modo
1380 1243 1468 1272 600
1484 1243 1572 1285 que
1587 1229 1633 1271 lo
1648 1229 1795 1284 pedia,
1815 1241 1967 1271 0065-Α

322 1315 392 1351 tro
415 1309 468 1351 P.
495 1306 753 1359 Francisco,
780 1307 977 1362 despues
999 1306 1057 1350 de
1079 1307 1243 1349 mucha
1265 1305 1463 1358 oracion,
1483 1320 1533 1350 se
1549 1304 1799 1349 determino
1815 1309 1841 1348 3
1857 1319 1951 1348 res—

325 1385 558 1441 ponderle,
583 1383 935 1439 coneediendole
955 1383 999 1426 10
1020 1397 1107 1438 que
1129 1383 1171 1426 le
1192 1383 1336 1438 pedia.
1365 1383 1492 1426 Anse
1518 1383 1576 1426 de
1606 1382 1746 1438 partir
1766 1395 1823 1425 en
1846 1383 1966 1425 todo-

321 1463 363 1506 61
385 1476 482 1505 mes
504 1462 559 1504 de
582 1460 728 1504 Abril:
754 1467 851 1503 asta
872 1474 950 1503 ora
970 1475 1032 1503 no
1054 1474 1103 1504 se
1125 1461 1232 1513 sabe
1254 1459 1406 1516 quien:
1432 1473 1493 1502 no
1510 1459 1626 1503 dexe
1642 1460 1699 1503 V.
1720 1460 1774 1502 R.
1796 1460 1852 1502 de
1869 1474 1951 1504 60-

321 1539 616 1582 comendarse
638 1541 663 1580 3
687 1545 872 1580 nuestro
893 1537 1054 1589 Senot,
1079 1552 1109 1592 y
1130 1535 1258 1593 pedir
1273 1537 1315 1580 16
1331 1542 1528 1593 otorgue
1544 1537 1605 1579 tal
1621 1550 1840 1592 empresa.
1863 1537 1966 1580 Los

278 1660 281 1665 ,
320 1630 409 1671 que
432 1619 562 1658 65ῒ30
586 1630 643 1659 60
665 1621 763 1658 esta
784 1628 888 1657 casa
910 1628 992 1656 son
1014 1613 1126 1658 siete
1145 1614 1329 1666 Padres,
1354 1627 1440 1656 600
1458 1614 1500 1657 61
1518 1615 1569 1656 Ρ.
1591 1613 1822 1668 Gonoalez
1838 1628 1867 1669 y
1883 1613 1953 1656 105

319 1693 495 1736 006005
520 1692 790 1743 ordenados,
815 1705 845 1746 y
866 1703 895 1744 4
914 1691 1172 1733 hermanos':
1199 1690 1329 1732 todos
1351 1693 1479 1734 estan
1501 1691 1691 1742 buenos,
1711 1694 1738 1733 ό
1754 1690 1840 1733 310
1856 1703 1952 1733 me—

316 1784 400 1813 nos
432 1769 581 1812 andan
613 1767 903 1818 leuantados,
939 1766 1246 1811 entendiendo
1278 1781 1334 1810 60
1368 1781 1446 1809 505
1479 1766 1745 1822 6Χ6Γ616105,
1781 1766 1880 1809 5100
1911 1767 1954 1809 61

318 1847 372 1889 Ρ.
399 1846 559 1898 Ρ3010,
586 1859 674 1900 que
697 1848 793 1889 esta
810 1859 867 1888 60
884 1844 927 1886 13
943 1858 1086 1895 cama,
1106 1857 1237 1886 corno
1255 1844 1395 1887 50616.
1419 1845 1510 1886 Por
1526 1858 1585 1886 no
1602 1858 1674 1887 ser
1691 1847 1788 1886 mas
1803 1844 1949 1900 largo,

314 1923 361 1966 ni
382 1923 463 1966 dar
485 1921 693 1966 occasion
717 1922 775 1965 (16
796 1921 956 1977 perder
979 1919 1146 1976 tiempo
1168 1920 1254 1963 3113
1275 1934 1334 1963 60
1355 1920 1448 1964 leer
1469 1927 1566 1964 esta
1588 1935 1618 1975 y
1635 1934 1692 1963 en
1709 1920 1952 1964 escreuirla

315 2004 411 2053 363,
436 2014 557 2056 6650,
582 1998 796 2055 pidiendo
817 2001 843 2040 3
865 2004 1050 2040 nuestro
1073 2003 1207 2041 senor
1222 1999 1330 2054 Jhu.
1357 1998 1474 2053 Xpo.
1511 2011 1594 2040 nos
1624 1998 1680 2040 (16
1709 2001 1734 2040 3
1762 1997 1903 2041 sentir
1922 2001 1949 2041 3

314 2079 382 2121 105
403 2091 517 2120 νο05
538 2091 567 2132 y
590 2080 616 2119 3
636 2075 704 2118 105
726 2081 848 2118 otros
870 2089 925 2117 su
953 2074 1208 2118 santissima
1234 2075 1471 2127 voluntad,
1497 2088 1604 2130 para
1632 2089 1721 2130 que
1748 2075 1791 2117 13
1817 2084 1946 2118 cum-

314 2155 503 2211 plamos.
529 2154 598 2196 En
619 2153 686 2195 135
708 2151 941 2195 oraciones
957 2166 987 2207 y
1003 2150 1247 2194 sacrificios
1263 2151 1319 2194 de
1336 2152 1394 2195 V.
1415 2153 1469 2194 R.
1489 2166 1519 2207 y
1535 2152 1592 2194 (16
1608 2157 1820 2196 nuestros
1836 2152 1946 2194 cha-

312 2231 514 2275 rissimos
538 2230 707 2274 Padres
729 2244 758 2285 y
779 2230 1019 2272 hermanos
1041 2242 1150 2284 muy
1171 2229 1337 2271 mucho
1353 2242 1440 2271 nos
1461 2215 1854 2272 encomendamos.
1875 2229 1946 2272 De

386 2382 396 2402 ¹
449 2379 517 2414 Ρ5.
536 2386 636 2420 xvn,
660 2385 716 2422 17.

382 2441 396 2460 Ξ
448 2437 625 2473 Andreas
648 2435 824 2471 Hurtado
848 2434 896 2469 de
921 2434 1124 2481 Mendoza,
1144 2434 1314 2470 marchio
1333 2435 1370 2470 11
1388 2435 1437 2471 de
1456 2435 1620 2480 Cafiete,
1639 2436 1777 2472 Didaci
1795 2437 1942 2473 Hurta-

309 2497 359 2533 do
376 2497 425 2533 de
443 2496 643 2541 Mendoza,
663 2492 894 2530 marchionis
913 2494 930 2528 Ι
948 2494 1066 2540 filius,
1086 2493 1206 2529 frater
1224 2493 1422 2530 Francisci
1441 2494 1489 2530 de
1513 2495 1702 2531 Mendoza
1721 2500 1761 2531 et
1778 2495 1956 2532 Bobadi-

310 2559 374 2602 lla,
393 2556 598 2592 cardinalis
617 2560 656 2591 et
674 2553 863 2601 praesulis
886 2553 1107 2599 burgensis,
1127 2554 1157 2589 F
1160 2553 1376 2596 erdinandi,
1395 2554 1621 2590 dioeceseos
1640 2566 1707 2602 pro
1729 2566 1800 2591 suo
1823 2554 1956 2591 fratre-

307 2615 594 2662 gubernatoris;
614 2619 654 2650 et
671 2613 778 2649 Petri
796 2613 844 2647 de
864 2613 1067 2658 Mendoza,
1087 2613 1413 2649 commendatoris
1431 2613 1480 2649 de
1500 2614 1625 2650 Aledo
1644 2619 1684 2650 et
1701 2615 1866 2662 Totana,
1891 2615 1954 2652 de·

308 2675 449 2724 quibus
468 2675 507 2710 in
525 2673 788 2721 superioribus
807 2673 884 2707 vol.
907 2672 1008 2708 facta
1026 2677 1086 2708 est
1106 2672 1270 2708 mentio.
1294 2672 1560 2719 Corrigendus
1578 2678 1710 2710 tamen
1735 2680 1796 2710 est
1819 2686 1939 2720 error,

308 2747 424 2783 quem
442 2734 668 2769 admisimus
686 2732 725 2768 in
745 2732 879 2778 Epist.
904 2732 1071 2778 Mixtae,
1089 2737 1122 2767 t.
1146 2741 1203 2776 111,
1222 2743 1311 2779 pag.
1331 2731 1414 2774 213,
1435 2738 1566 2768 annot.
1587 2732 1622 2779 3,
1649 2733 1716 2769 ubi
1739 2745 1939 2781 perperam

310 2794 560 2831 confunditur
578 2793 716 2828 Petrus
734 2791 783 2827 de
798 2791 985 2827 Mendoza
999 2803 1088 2827 cum
1107 2803 1176 2827 suo
1191 2791 1324 2836 fratre,
1344 2792 1564 2828 marchione
1579 2793 1616 2828 II
1630 2793 1678 2828 de
1693 2793 1856 2838 Cane-te,
1873 2794 1939 2841 qui

311 2865 416 2889 error
434 2853 473 2888 in
492 2852 660 2887 indicem
678 2850 796 2886 etiam
814 2852 1038 2896 generalem
1053 2851 1480 2898 irrepsit.—Caeterum
1496 2851 1544 2887 de
1559 2852 1770 2898 peruviana
1782 2852 1939 2900 expedi-

310 2912 431 2957 tione,
448 2912 495 2947 ad
509 2923 623 2958 quam
639 2910 765 2945 socios
780 2921 801 2944 a
815 2909 956 2954 Borgia
970 2910 1149 2957 poposcit
1162 2909 1340 2945 Andreas
1355 2910 1531 2946 Hui-tado
1543 2910 1592 2946 de
1607 2911 1951 2959 Mendozastgunt

309 2973 524 3015 POLANCO,
547 2976 574 3006 t.
596 2980 636 3011 v,
655 2980 742 3016 pag.
763 2976 846 3013 541,
866 2981 908 3004 n.
937 2977 1040 3014 14793
1063 2968 1209 3004 cartas
1226 2970 1273 3005 de
1292 2970 1378 3005 San
1396 2970 1574 3017 Ignacio,
1595 2976 1622 3006 t.
1643 2979 1684 3017 v,
1703 2981 1794 3018 pag.
1816 2979 1880 3006 201
1898 2978 1946 3008 et·

310 3031 394 3077 246,
427 3039 508 3075 2473
540 3030 589 3065 de
619 3029 703 3076 ipso
734 3038 827 3063 vero
858 3029 1013 3064 Andrea
1046 3028 1209 3075 ejusque
1238 3028 1328 3064 filiis
1358 3029 1514 3075 egimus
1544 3041 1672 3077 supra,
1703 3030 1817 3077 epist.
1852 3030 1948 3077 890„

310 3102 398 3137 pag.
419 3089 499 3135 428.
1518 3098 1520 3100 ’
