2060 3432
359 210 430 257 736
845 211 1081 247 EPISTOLAE
1106 209 1273 245 MIXTAE
1280 230 1311 236 —
1321 220 1392 256 990

313 328 403 357 una
423 311 589 366 chiesa,
614 313 762 357 l’altro
784 313 829 356 di
856 311 902 355 in
924 326 1015 355 una
1041 311 1169 365 altra,
1200 317 1246 354 et
1272 310 1436 356 uienne
1462 312 1689 357 mediocre
1718 313 1929 368 uditorio,

311 397 357 435 et
378 391 550 447 grande
570 404 649 447 per
671 397 821 446 tempo
841 389 957 433 della
983 402 1143 432 messe.

399 467 475 511 Ho
497 467 652 511 uoluto
669 467 870 523 (absente
890 471 1046 509 nostro
1061 464 1353 522 predicatore)
1375 465 1572 510 sforzare
1593 466 1682 510 mia
1703 473 1865 511 natura
1886 473 1933 512 et

309 542 534 588 scaceiare
555 543 599 586 la
621 541 939 599 pusillanimita
961 555 1040 597 per
1064 542 1235 585 honore
1256 540 1329 585 del
1350 540 1556 598 Signore.
1579 544 1713 588 Onde
1735 542 1796 585 mi
1818 557 1932 587 sono

307 626 439 678 posto
460 619 726 664 domenicha
747 623 926 675 passata
953 616 999 659 in
1026 617 1229 674 pergolo,
1254 623 1299 660 et
1320 616 1351 660 il
1372 617 1417 660 di
1444 617 1489 661 di
1510 626 1639 662 santo
1661 621 1864 678 Jacomo‚
1888 619 1932 663 13

307 697 452 754 prima
472 697 597 740 uolta
624 697 743 740 doue
770 695 865 739 sole
886 693 1147 750 predichare
1170 695 1231 738 M.
1258 696 1329 752 Jo.
1357 695 1575 748 Lorenzo,
1601 694 1632 737 11
1660 695 1706 738 di
1733 695 1778 739 di
1800 702 1932 740 santo

302 776 488 833 Jacomo
510 774 628 818 doue
650 772 689 815 si
712 773 837 816 facea
858 771 901 815 13
922 771 1051 823 festa,
1076 776 1121 814 et
1142 784 1318 827 sempre
1341 785 1427 814 con
1444 771 1599 816 fauore
1621 772 1693 816 del
1715 772 1926 829 Signore,

306 850 482 894 benche
509 864 600 893 non
632 862 760 893 come
790 847 963 900 douria,
994 846 1160 903 meglio
1186 848 1288 903 pur'
1318 849 1403 892 che
1429 862 1521 891 non
1548 862 1753 905 speraua.
1785 849 1929 905 Spero

307 934 460 970 nostro
482 925 675 983 Signore
690 926 890 969 hauerne
911 930 1073 968 cauato
1090 924 1245 977 frutto,
1266 938 1323 967 ne
1347 924 1465 969 fosse
1486 926 1571 969 che
1587 939 1666 981 per
1686 925 1729 968 la
1750 925 1926 982 patien-

306 1003 367 1047 tia
402 1002 506 1046 delli
544 1001 723 1046 uditori.
764 1003 969 1044 Domane
1006 1014 1137 1057 spero
1164 999 1414 1056 predichar'
1444 1001 1556 1045 altra
1586 1002 1722 1045 uolta:
1754 1016 1826 1046 me
1853 1000 1927 1046 dia

304 1086 458 1123 nostro
487 1079 682 1136 Signore
709 1093 792 1121 sua
823 1077 969 1134 gratia
997 1091 1124 1120 come
1146 1091 1196 1120 sa
1216 1091 1365 1122 essere
1392 1077 1652 1134 espediente
1678 1092 1758 1135 per
1780 1077 1927 1135 gloria

304 1172 385 1201 sua
407 1163 452 1201 et
473 1171 552 1213 per
573 1155 731 1212 agiuto
751 1154 842 1198 mio
863 1153 1108 1210 spirituale.

390 1234 435 1278 A
457 1235 519 1277 M.
545 1232 765 1278 Giacomo
781 1233 840 1275 ho
863 1231 975 1274 fatto
992 1230 1090 1275 dire
1110 1231 1152 1274 13
1168 1229 1310 1287 prima
1331 1245 1477 1275 messa
1493 1245 1590 1285 sua,
1617 1238 1743 1288 parte
1760 1232 1925 1288 perche

301 1326 359 1354 ne
381 1311 692 1353 manchauano
714 1322 859 1352 messe
880 1314 926 1351 et
947 1307 1213 1360 confessori,
1237 1314 1363 1363 parte
1380 1309 1544 1364 perche
1565 1307 1625 1350 mi
1650 1309 1772 1352 facea
1794 1322 1924 1351 scru-

300 1388 404 1444 polo
440 1386 485 1430 di
519 1386 705 1430 lassarlo
742 1391 867 1428 tanto
904 1391 1054 1441 tempo
1090 1399 1225 1428 senza
1259 1384 1357 1429 dire
1388 1400 1550 1430 messa.
1582 1385 1808 1429 Piacendo
1837 1385 1923 1429 alla

301 1465 355 1508 P.
381 1465 459 1517 V„
484 1462 548 1520 gli
570 1463 670 1506 sara
691 1462 793 1505 data
816 1461 987 1506 licenza
1008 1467 1053 1504 et
1075 1460 1300 1505 authorita
1321 1461 1366 1504 di
1386 1462 1643 1506 confessare
1665 1476 1754 1505 con
1775 1461 1806 1504 li
1828 1461 1921 1519 pri-

301 1540 454 1597 uilegij
478 1540 594 1584 della
615 1537 911 1595 Compagnia.
937 1537 1040 1594 Egli
1061 1538 1086 1581 e
1106 1538 1244 1580 molto
1274 1537 1442 1593 buono,
1466 1538 1724 1592 ubediente,
1750 1538 1922 1595 simpli—

299 1631 368 1670 ce,
388 1617 611 1673 prudente
627 1622 673 1659 et
689 1615 1029 1667 conuerseuole,
1049 1628 1107 1657 ne
1129 1629 1259 1671 spero
1276 1629 1391 1671 gran
1413 1615 1552 1659 frutto
1568 1615 1734 1672 perche
1755 1629 1922 1672 puossa

299 1693 513 1738 studiare.

382 1769 514 1814 Altro
536 1784 629 1813 non
658 1781 859 1820 occorre,
893 1768 1039 1811 Padre
1065 1767 1154 1810 mio
1177 1766 1223 1809 in
1251 1768 1332 1811 X.⁰
1354 1767 1488 1823 Rdo.,
1521 1767 1558 1811 si
1585 1782 1676 1811 non
1707 1782 1757 1813 se
1778 1768 1917 1825 degni

292 1847 335 1890 13
358 1848 411 1890 Ρ.
437 1847 494 1890 V.
521 1859 712 1902 pregare
733 1859 811 1900 per
833 1851 993 1900 questo
1013 1843 1222 1900 collegio,
1248 1843 1371 1887 accie
1398 1844 1626 1900 puotiamo
1649 1859 1798 1889 essere
1820 1844 1916 1889 ueri

293 1923 363 1967 sui
399 1921 604 1980 figliuoli,
648 1922 691 1965 13
727 1921 859 1977 quale
896 1919 1102 1964 conserui
1139 1926 1184 1963 et
1214 1919 1448 1977 augmenti
1475 1927 1629 1964 nostro
1657 1920 1915 1964 dolcissimo

294 1994 487 2051 Signore
522 1993 568 2036 in
605 1991 704 2037 suoi
740 1990 983 2035 santissimi
1020 1990 1140 2034 doni.
1182 1990 1240 2034 Di
1273 1993 1502 2036 Recanato
1539 1991 1612 2035 alli
1652 1992 1708 2035 26
1743 1991 1788 2034 di
1820 1992 1917 2036 Lu-

293 2070 385 2127 glio
415 2079 544 2125 1555.

382 2147 446 2191 La
467 2145 713 2203 penitentia
731 2143 800 2188 23⁵
822 2145 847 2188 e
864 2143 1005 2187 finita:
1030 2145 1073 2187 la
1094 2143 1235 2200 prima
1256 2143 1316 2186 mi
1332 2144 1480 2187 sforzo
1497 2144 1777 2198 continuare,
1798 2144 1912 2190 ben-

293 2224 377 2267 che
393 2222 471 2280 piu
493 2223 616 2266 uolte
632 2222 827 2264 anchora
842 2221 885 2263 lo
908 2219 1022 2264 facia
1043 2219 1476 2278 negligentemente,
1502 2227 1547 2264 et
1568 2223 1712 2266 anche
1731 2221 1838 2265 lassi
1855 2222 1913 2266 da

294 2300 386 2344 fare
421 2314 502 2357 per
538 2313 628 2342 non
665 2297 994 2341 ricordarmene
1031 2311 1058 2340 0
1096 2297 1208 2340 altre
1239 2310 1521 2342 occorrenze:
1562 2297 1622 2340 mi
1651 2297 1837 2355 perdoni
1867 2299 1911 2342 13

293 2378 346 2420 Ρ.
372 2377 430 2421 V.
459 2378 488 2420 ¹.
513 2375 572 2420 Di
593 2376 651 2420 V.
677 2376 725 2418 R.
753 2376 806 2418 P.
831 2373 1019 2431 indigno
1041 2373 1085 2417 in
1109 2373 1194 2417 Χ.ο
1216 2373 1402 2431 figliolo,

1141 2452 1386 2495 OLIUEmo
1417 2453 1673 2496 MANAREO.

361 2588 372 2609 ¹
423 2589 483 2623 De
507 2584 760 2634 poenitentiis
785 2585 966 2620 Manareo
989 2586 1038 2620 ab
1061 2585 1214 2632 Ignatio
1227 2584 1425 2632 injunctis,
1444 2586 1540 2622 haec
1569 2586 1704 2622 scribit
1721 2586 1818 2634 ipse,
1851 2597 1911 2623 re-

290 2646 485 2694 spondens
517 2645 588 2681 «ad
616 2644 806 2693 quaedam
836 2645 1030 2691 postulata
1058 2644 1107 2679 de
1125 2645 1170 2680 B.
1202 2644 1246 2680 P.
1266 2644 1320 2681 N.
1343 2644 1484 2691 Ignatii
1502 2644 1711 2681 virtutibus
1736 2650 1775 2682 et
1792 2645 1909 2682 docu-

289 2707 430 2742 mentis
447 2717 469 2741 a
486 2705 646 2740 Nicolao
663 2703 854 2750 Lancstio,
872 2703 1017 2738 Romae
1032 2703 1251 2749 theologiae
1269 2703 1548 2741 studioso.—2.
1571 2704 1687 2751 Quod
1704 2704 1845 2741 attinet
1861 2704 1910 2740 ad

289 2776 454 2801 examen
470 2764 701 2811 particulare
720 2763 768 2798 ab
787 2762 870 2809 ipso
885 2762 978 2797 mihi
992 2762 1227 2809 impositum,
1245 2774 1308 2798 res
1326 2762 1380 2798 ita
1396 2774 1439 2799 se
1451 2763 1599 2799 habuit.
1615 2763 1713 2800 Cum
1733 2775 1782 2800 ex
1796 2764 1907 2811 urbe,

287 2823 523 2860 Laurentum
542 2821 798 2870 profecturuS‚
818 2825 858 2856 et
875 2820 1036 2868 primam
1054 2820 1243 2856 coloniam
1261 2820 1460 2868 ducturus,
1479 2821 1527 2858 ad
1544 2823 1589 2858 B.
1610 2823 1654 2858 P.
1674 2822 1721 2858 N.
1739 2822 1907 2859 adissem

284 2893 373 2918 cum
406 2881 542 2926 sociis,
573 2884 777 2929 praesente
796 2880 844 2916 P.
884 2880 1034 2926 Joanne
1064 2879 1253 2926 PoIanco,
1279 2880 1507 2926 secretario,
1534 2886 1577 2917 vt
1594 2881 1906 2918 benedictionem

284 2941 405 2989 ipsius
425 2946 662 2988 peteremus,
681 2939 808 2987 ipsum
826 2938 942 2975 fixius
960 2938 1000 2974 in
1018 2940 1128 2975 vultu
1146 2944 1186 2975 et
1203 2939 1325 2975 oeulis
1343 2951 1429 2976 sum
1447 2939 1630 2986 intuitus,
1657 2940 1906 2988 praesagiens

281 3012 343 3037 me
373 3000 439 3036 vix
457 3000 565 3036 illum
589 2998 753 3046 amplius
783 2998 1002 3034 reuisurum
1032 2997 1071 3034 in
1101 2998 1228 3034 terris.
1259 2999 1370 3035 Hanc
1398 2999 1755 3037 immoderationem
1779 3011 1904 3037 meam
