2060 3432
343 240 415 278 860
828 241 1067 277 EP1sToLAE
1092 239 1407 287 Mutua-1034

385 342 605 400 Significa
636 342 772 388 etiam
803 357 860 386 an
890 341 1044 385 literas
1074 354 1155 397 per
1189 340 1448 385 Traiectum
1485 341 1644 386 missas
1680 341 1926 399 acceperis:

296 421 524 477 quomodo
546 420 693 464 valeat
716 421 768 463 P.
794 418 1028 463 Candidus
1053 419 1083 471 ¹,
1110 419 1164 461 P.
1184 417 1327 475 Spiga
1349 419 1383 472 ²,
1409 417 1660 473 Elizabeth,
1683 418 1927 464 Gertrudis

299 497 584 552 Mechliniae,
610 496 870 548 Catharina,
896 496 1045 540 Crane
1071 494 1182 553 [sic],
1207 502 1294 539 etc.
1321 496 1336 517 ³

387 573 511 630 Quid
533 573 726 617 audiatis
755 588 781 616 a
810 571 1168 616 tornacensibus.
1191 571 1419 616 Audimus
1440 571 1503 615 ibi
1524 572 1767 629 plurimum
1795 587 1926 630 gras-

294 651 386 695 sari
399 659 588 708 pestem.
609 648 894 694 Buscuducis
907 649 996 692 iam
1010 655 1257 705 Vtcumque
1270 649 1466 693 cessauit
1478 649 1633 706 pestis.
1647 651 1795 694 Dnus.
1815 650 1928 694 Ale-

298 729 483 781 xander,
509 735 636 784 pater
652 726 930 780 monialium,
955 725 1043 770 iarn
1067 726 1215 770 factus
1242 736 1311 771 est
1342 726 1614 770 canonicus:
1639 728 1777 771 habet
1799 742 1929 784 prae-

297 806 493 851 bendam
516 804 661 857 istius,
687 803 764 860 qui
785 802 859 846 hic
880 802 1005 847 obiit.
1034 804 1102 846 Ex
1124 802 1487 857 traiectensibus,
1512 804 1571 848 de
1596 803 1760 848 libellis
1781 803 1930 848 missis

296 899 326 927 a
347 883 404 927 V.
431 884 505 936 P..,
531 881 644 924 nihil
664 881 813 924 adhuc
841 879 1010 936 accepi.

389 958 439 1004 Si
466 957 752 1014 contingeret
780 956 950 1013 aliquid
978 971 1078 1001 esse
1105 956 1415 1012 scribendum,
1446 957 1627 1012 quando
1662 973 1754 1001 non
1791 959 1932 1003 habes

298 1035 516 1079 nuncium
540 1036 597 1078 ad
619 1049 817 1087 manum,
843 1033 988 1091 possis
1016 1033 1168 1078 literas
1195 1033 1330 1078 etiam
1359 1033 1539 1079 mittere
1567 1035 1826 1080 Bruxellam
1849 1035 1932 1094 (int

299 1113 438 1169 thuijs
465 1127 553 1156 van
583 1113 934 1164 Hoechstraten,
964 1110 1024 1167 bij
1055 1111 1243 1167 keijsers
1272 1111 1387 1164 hof),
1419 1113 1511 1155 huc
1540 1111 1924 1158 transmittendas.

297 1189 490 1247 Scripsit
511 1189 692 1233 domina
713 1188 942 1232 comitissa
964 1190 1344 1242 Hoechstratana,
1368 1195 1435 1242 vt,
1460 1188 1675 1246 quicquid
1696 1189 1927 1234 literarum

298 1266 502 1311 Louanio
524 1265 796 1323 acceperint,
822 1265 1014 1311 fideliter
1036 1265 1356 1310 transmittant.

386 1345 437 1387 In
459 1350 607 1387 castro
628 1343 752 1387 varia
774 1349 1042 1399 praeparant
1062 1350 1329 1387 ornamenta
1357 1358 1437 1400 pro
1465 1344 1757 1387 tabernaculo
1778 1358 1930 1387 sacra-

298 1420 454 1466 menti:
489 1435 581 1464 non
609 1428 678 1466 est
706 1421 972 1473 coloratum,
998 1419 1116 1464 sicut
1144 1421 1264 1477 apud
1292 1428 1500 1464 sanctum
1530 1420 1820 1475 Michaelem,
1851 1421 1932 1465 sed

299 1505 444 1542 totum
468 1497 696 1542 vestitum.
725 1499 814 1541 Pro
838 1497 1160 1541 festiuitatibus
1181 1498 1229 1543 S.
1256 1497 1425 1542 Mariae
1447 1498 1597 1542 omnia
1624 1505 1732 1542 sunt
1753 1497 1856 1542 alba
1876 1512 1932 1541 ex

300 1590 449 1632 panno
471 1582 706 1632 argenteo,
732 1573 992 1627 tentorium,
1017 1581 1062 1618 et
1084 1575 1206 1630 quod
1223 1590 1248 1619 a
1265 1575 1450 1632 capsula
1466 1575 1708 1631 dependet,
1729 1574 1932 1620 cortinae

299 1667 358 1696 ex
379 1652 481 1695 albo
503 1652 774 1695 damasceno
796 1652 859 1708 (vt
879 1652 1021 1708 vulgo
1043 1652 1239 1709 dicitur),
1264 1651 1461 1696 ambitus
1482 1651 1667 1697 alterius
1695 1651 1930 1696 cuiusdam

298 1728 393 1772 lini:
420 1727 517 1771 aliis
538 1728 699 1773 diebus
720 1727 956 1772 dominicis
978 1728 1129 1772 omnia
1150 1730 1286 1772 rubra
1308 1735 1431 1782 sunt,
1451 1744 1532 1786 pro
1549 1728 1728 1786 magnis
1750 1728 1927 1773 festini-

301 1805 469 1848 tatibus
490 1804 773 1861 preciosiora.
796 1806 845 1848 In
867 1804 965 1848 istis
986 1805 1160 1849 nobiles
1176 1805 1278 1849 illae
1294 1807 1464 1850 habent
1485 1821 1591 1850 suas
1608 1804 1924 1850 recreationes:

297 1893 429 1926 orant
452 1888 501 1925 vt
522 1881 608 1925 illis
630 1882 732 1926 dem
754 1881 923 1937 aliquid
943 1883 1210 1938 parandum.

389 1958 586 2003 Domina
607 1958 839 2002 comitissa
860 1960 977 2004 bene
998 1959 1193 2016 proficit:
1225 1959 1447 2016 incipiunt
1473 1967 1519 2004 et
1546 1959 1660 2004 aliae
1687 1959 1931 2004 nonnullae

298 2036 442 2094 ipsius
464 2036 593 2092 sequi
615 2037 834 2092 exempla.
861 2037 1098 2092 Quaedam
1121 2037 1284 2081 nobilis
1307 2037 1604 2082 bruxellensis
1626 2052 1681 2081 ex
1703 2044 1826 2080 statu
1847 2037 1932 2080 do—

301 2113 450 2157 minae
477 2113 731 2158 comitissae
758 2112 847 2156 iam
877 2128 903 2156 a
932 2114 1047 2157 festo
1075 2102 1328 2158 natiuitatis
1351 2114 1519 2159 Mariae
1550 2114 1712 2158 institit
1739 2128 1821 2170 pro
1849 2128 1932 2170 ge-

300 2190 443 2236 nerali
464 2190 748 2234 confessione
771 2190 992 2244 facienda,
1019 2206 1153 2247 quam
1174 2191 1245 2235 his
1266 2191 1428 2235 diebus
1445 2191 1656 2250 (Domino
1672 2192 1810 2235 dante
1825 2205 1935 2248 gra-

303 2267 426 2325 tiam)
450 2282 551 2311 sum
573 2267 825 2311 auditurus.

393 2345 551 2389 Lunae
567 2344 583 2365 ⁴
607 2343 679 2389 die
697 2344 937 2400 praeterita
952 2346 1135 2390 vocauit
1151 2361 1224 2392 me
1241 2346 1426 2390 domina
1442 2353 1610 2399 nostra,
1631 2353 1677 2390 et
1693 2346 1809 2391 inter
1826 2345 1933 2391 reli-

301 2436 393 2478 qua
413 2420 526 2464 dixit
547 2420 672 2474 mihi,
697 2420 760 2464 illi
782 2422 1061 2478 propositum
1084 2438 1184 2468 esse
1204 2439 1230 2467 a
1249 2423 1502 2480 praecipuis
1524 2423 1795 2479 quibusdam
1815 2422 1931 2466 ciui-

304 2498 425 2552 tatis,
457 2513 598 2541 vnum
624 2498 876 2542 nominauit
903 2499 1029 2555 mihi,
1060 2500 1137 2556 qui
1165 2500 1335 2557 primus
1362 2499 1503 2557 ipsius
1531 2499 1814 2544 consiliarius
1842 2507 1927 2552 est,

303 2574 373 2617 vir
394 2589 588 2631 magnae
610 2574 879 2630 autoritatis,
904 2577 1026 2632 quod
1047 2584 1264 2633 cuperent
1285 2577 1523 2622 aedificare
1550 2591 1721 2620 nouum
1743 2578 1932 2620 chorum

303 2665 385 2708 pro
412 2650 659 2696 venerabili
686 2660 984 2697 sacramento.
1010 2654 1169 2699 Altare
1198 2655 1262 2712 (vt
1283 2661 1389 2699 ante
1416 2653 1589 2711 scripsi)
1619 2660 1826 2710 paratur,
1857 2652 1939 2696 sed

304 2727 609 2772 honestiorem
631 2728 779 2772 adhuc
801 2729 1027 2775 desiderat
1050 2731 1200 2774 locum
1222 2746 1305 2788 pro
1329 2730 1495 2775 maiore
1517 2730 1762 2775 deuotione
1781 2730 1939 2774 Sacra-

377 2870 388 2891 ἱ
439 2869 482 2904 Ρ.
504 2868 697 2905 Adrianus
716 2868 919 2907 Candidus·
934 2883 1003 2908 seu
1021 2873 1069 2908 de
1095 2872 1225 2909 Witte.

375 2930 389 2950 2
440 2928 484 2963 P.
504 2928 644 2964 Petrus
662 2927 799 2975 Spiga.

374 2988 389 3008 ³
439 2987 631 3023 Videntur
647 2988 720 3023 hae
738 2987 905 3026 feminae
924 3001 973 3025 ex
991 2990 1139 3027 familia
1157 2991 1282 3027 Patris
1301 2990 1601 3027 Adriaenssens.

373 3045 390 3066 ⁴
439 3046 510 3081 Ms.
532 3047 646 3082 luna.
