2034 3476
721 242 768 280 29
783 233 1048 270 smzunms
1077 242 1168 279 1554
1634 231 1706 269 363

641 613 970 651 FRANCISCUS
995 613 1228 651 PALMIUS

484 698 685 753 [PATRI
716 698 978 741 IGNATIO
1008 698 1092 740 DE
1123 697 1396 753 LOYOLA]

579 800 768 828 ΒοΝοΝιΑ
793 800 839 837 29
863 799 1122 828 SEPTEMBms
1150 799 1242 836 1554
1271 793 1296 826 ¹.

122 875 157 911 E
172 874 402 910 lustratione
420 873 647 909 dioeceseos
663 885 787 921 nuper
803 874 1016 909 Bononiam
1032 873 1322 909 rediisse.-De
1339 873 1607 921 comparandis
1622 873 1754 910 Socie-

194 934 265 971 tati
283 934 446 970 aedibus
463 934 511 969 ad
528 933 601 969 Sti.
618 933 971 970 Andreae.-Bona
983 934 1304 970 verba.—Frater
1316 934 1484 980 Bordon,
1500 934 1585 970 sive
1603 934 1752 982 Scipio,

194 995 296 1030 bona
314 1005 383 1029 sua
400 993 540 1029 cedere
558 993 745 1029 Societati
762 994 861 1029 vult.

887 1076 1003 1158 uis.

212 1208 311 1251 Pax
333 1206 519 1260 Christi,
545 1213 632 1251 etc.
658 1207 800 1250 Molto
830 1207 944 1251 Rdo.
969 1207 1017 1250 in
1038 1206 1221 1250 Christo
1244 1207 1406 1251 Padre.
1433 1206 1626 1251 Mercori
1646 1221 1754 1263 pas-

123 1291 223 1327 sato
246 1298 326 1340 per
347 1283 494 1340 gratia
514 1283 576 1326 dil
597 1283 794 1340 Signore
815 1283 964 1341 gionsi
983 1283 1032 1326 in
1054 1284 1262 1341 Bologna
1282 1298 1394 1327 sano
1415 1284 1477 1327 dil
1499 1298 1654 1339 corpo,
1678 1298 1754 1328 ma

122 1375 209 1404 con
228 1361 272 1404 la
293 1360 382 1404 mia
402 1360 534 1403 solita
556 1359 757 1417 tepidita.
782 1361 912 1405 Nelle
935 1360 1068 1405 uisite
1090 1375 1172 1403 son
1194 1367 1313 1404 stato
1335 1375 1398 1403 un
1419 1375 1557 1413 mese,
1587 1367 1634 1404 et
1660 1360 1696 1404 si
1727 1361 1755 1404 e

123 1438 236 1481 fatto
269 1451 349 1494 per
379 1437 526 1494 gratia
547 1437 702 1481 diuina
728 1438 868 1481 molto
895 1439 1053 1490 frutto,
1088 1438 1125 1481 si
1153 1438 1273 1482 nella
1299 1437 1619 1482 reformatione
1646 1437 1751 1481 delli

122 1514 252 1571 preti,
277 1516 394 1558 com’
419 1516 563 1557 anche
585 1514 689 1559 dell’
713 1514 831 1567 laici,
856 1522 902 1558 et
923 1514 1252 1559 restauratione
1273 1515 1390 1557 delle
1412 1514 1581 1558 chiesie
1609 1522 1655 1559 et
1676 1529 1750 1557 or-

121 1590 338 1635 namenti:
363 1598 409 1635 et
429 1605 510 1647 per
532 1598 650 1634 tutto
671 1592 732 1634 ho
759 1591 872 1635 fatto
899 1590 1098 1635 instituir
1118 1592 1161 1634 la
1189 1590 1459 1647 compagnia
1485 1590 1547 1633 dil
1569 1592 1753 1647 Corpus

120 1667 318 1712 Domini.
345 1667 612 1725 Monsignor
633 1669 766 1712 Rmo.
791 1667 838 1711 di
861 1668 1067 1724 Bologna
1088 1668 1103 1689 ²
1127 1669 1153 1712 e
1174 1674 1344 1712 testato
1360 1668 1499 1711 molto
1515 1674 1748 1720 contento,

119 1751 167 1788 et
187 1744 395 1788 edificato
416 1744 462 1787 di
484 1751 644 1800 questa
665 1744 815 1798 uisita,
835 1745 953 1790 della
974 1746 1080 1801 qual
1103 1760 1194 1788 non
1216 1744 1314 1788 diro
1335 1745 1449 1788 altro
1470 1759 1497 1788 a
1518 1746 1576 1788 V.
1601 1745 1653 1787 R.
1672 1758 1754 1800 per

120 1822 296 1875 adesso,
322 1823 488 1878 perche
509 1821 587 1878 piu
607 1821 926 1867 diffusamente
946 1837 1006 1867 ne
1026 1822 1225 1867 scribero
1246 1823 1360 1866 altra
1381 1823 1519 1865 uolta.

209 1899 394 1954 Quanto
415 1899 503 1942 alla
522 1913 629 1942 cosa
647 1898 693 1941 di
715 1906 845 1942 santo
866 1900 1067 1952 Andrea,
1092 1900 1144 1943 V.
1171 1901 1225 1943 R.
1246 1899 1483 1943 intendera
1503 1912 1649 1951 corne,
1668 1900 1751 1941 ha-

120 1975 271 2020 uendo
290 1975 455 2028 inteso,
481 1975 640 2032 gionto
663 1977 748 2020 che
769 1975 813 2019 io
834 1975 916 2029 fui,
937 1978 1023 2019 che
1040 1975 1072 2019 li
1089 1975 1289 2019 mandati
1306 1990 1398 2019 non
1419 1990 1556 2019 erano
1573 1990 1653 2032 per
1669 1990 1751 2018 an-

119 2053 258 2095 chora
278 2051 456 2108 spediti,
482 2051 614 2095 andai
634 2052 786 2096 subito
808 2067 835 2096 a
855 2052 1148 2109 monsignore
1168 2051 1354 2105 vicario,
1373 2059 1420 2096 et
1440 2051 1590 2095 inanzi
1607 2053 1692 2096 che
1708 2051 1754 2095 io

119 2142 193 2172 me
214 2128 403 2185 partessi
425 2129 546 2183 delli,
573 2129 658 2173 feci
679 2129 831 2186 spedir
851 2130 1002 2186 quello
1023 2129 1086 2172 dil
1107 2136 1242 2174 conte
1264 2132 1327 2174 M.
1355 2128 1560 2173 Antonio
1590 2128 1751 2173 Venti—

122 2204 275 2262 uoglio
296 2206 353 2248 ad
374 2206 750 2250 consentiendum
767 2221 848 2263 pro
870 2205 1035 2263 uiginti
1053 2205 1255 2262 quinque
1271 2207 1539 2249 ducatorum
1556 2205 1604 2249 in
1622 2207 1752 2249 fauo--

119 2296 214 2326 rem
236 2282 423 2326 rectoris
445 2282 562 2326 santi
579 2283 808 2328 Andreae.
828 2283 906 2327 Gli
922 2283 1024 2327 altri
1045 2282 1152 2326 duoi
1174 2283 1317 2340 hoggi
1340 2297 1368 2326 o
1388 2282 1568 2328 dimane
1590 2282 1627 2326 si
1649 2297 1749 2339 spe-

119 2358 294 2411 dirano,
318 2366 364 2404 et
383 2358 421 2402 si
442 2361 750 2403 mandaranno
768 2374 855 2404 con
870 2360 913 2404 la
929 2359 1247 2405 informatione
1264 2375 1344 2417 per
1364 2359 1396 2402 il
1412 2359 1557 2416 primo
1579 2359 1748 2416 spacio.

119 2435 263 2491 Spero
294 2436 368 2479 nel
398 2435 593 2492 Signore
624 2438 710 2482 che
739 2438 783 2480 la
814 2451 921 2481 cosa
951 2439 1134 2494 passara
1161 2438 1302 2480 molto
1322 2438 1455 2482 bene.
1489 2436 1617 2480 Molti
1646 2435 1753 2479 delli

120 2510 293 2568 signori
314 2512 518 2556 canonici
540 2513 602 2555 mi
622 2515 775 2558 hanno
796 2514 937 2558 detto:
963 2513 1021 2558 Vi
1043 2513 1328 2558 desideramo
1346 2529 1372 2558 a
1392 2520 1525 2557 santo
1547 2513 1749 2564 Andrea‚

121 2594 167 2631 et
187 2587 328 2631 siamo
350 2589 456 2632 tutti
477 2589 665 2647 disposti
686 2590 732 2633 di
754 2591 870 2634 sarui
890 2591 1028 2647 quelli
1050 2590 1228 2647 seruicij
1254 2592 1339 2634 che
1356 2590 1586 2634 ricercano
1601 2589 1631 2632 li
1654 2604 1753 2634 me-

194 2732 205 2752 ¹
255 2731 314 2766 Ex
332 2732 510 2778 originali
529 2733 569 2769 in
586 2735 668 2769 vol.
693 2735 741 2779 E,
759 2734 875 2770 unico
894 2734 1001 2780 folio,
1021 2747 1061 2771 n.
1082 2743 1141 2779 52,
1160 2734 1269 2781 prius
1287 2735 1352 2780 84.

189 2791 204 2811 ²
254 2790 426 2836 Joannes
439 2791 690 2839 Campegius,
705 2805 782 2840 quo
795 2799 973 2840 rogante,
988 2793 1161 2829 Palmius
1181 2793 1418 2829 «dioecesim
1432 2792 1602 2828 invisere
1616 2791 1754 2827 debuit

123 2859 213 2884 curn
231 2848 330 2895 ipso,
349 2854 390 2884 et
407 2849 554 2897 aliquas
571 2851 612 2886 in
630 2863 677 2887 ea
699 2852 929 2888 lustratione
953 2852 1164 2888 conciones
1189 2852 1326 2888 habuit
1350 2863 1478 2887 coram
1502 2850 1587 2897 ipso
1611 2855 1650 2885 et
1674 2861 1755 2885 ma-

120 2917 198 2953 gna
216 2908 346 2954 populi
365 2907 598 2956 frequentia,
616 2910 757 2957 quibus
775 2910 872 2946 adeo
889 2912 1099 2947 commovit
1112 2917 1195 2947 tum
1209 2916 1385 2947 caeteros
1400 2918 1482 2946 tum
1500 2910 1752 2956 Episcopum,

123 2970 167 3001 ut
191 2966 228 3001 ei
246 2968 485 3013 persuaserit
510 2968 614 3015 quod
636 2968 701 3004 alii
723 2970 1018 3006 concionatores
1041 2982 1239 3017 nunquam
1264 2975 1507 3017 potuerant.»
1533 2970 1753 3012 POLANCO,

122 3029 153 3060 t.
173 3033 228 3070 xv,
247 3037 338 3072 pag.
367 3025 448 3072 153,
467 3039 505 3062 n.
525 3026 609 3063 218.
