2054 3496
312 267 318 273 ·
382 263 396 289 1
406 262 449 299 14
868 252 1106 287 EplsToLAE
1132 250 1415 296 MixrAE--781

331 355 609 412 Augustam)
639 353 822 398 vocauit
842 368 915 397 me
943 360 989 398 et
1010 353 1123 397 dixit
1155 353 1278 397 mihi:
1309 354 1426 410 Ego,
1458 352 1620 409 inquit,
1652 354 1832 397 locutus
1860 368 1962 397 sum

325 432 604 490 imperatori,
631 432 902 488 exponendo
931 431 973 476 ei
1001 431 1227 487 quomodo
1254 430 1549 474 cancellarius
1577 430 1853 474 louaniensis
1880 432 1889 452 ¹
1915 437 1961 474 et

326 510 399 566 alij
425 508 688 566 rogauerint
716 523 793 555 me
817 515 867 551 vt
894 523 976 565 pro
1005 508 1133 556 vobis
1162 508 1488 551 intercederem
1518 522 1689 563 vosque
1719 521 1957 552 caesareae

325 586 550 643 majestati
582 586 961 638 commendarem,
994 592 1285 641 peteremque
1313 583 1540 628 licentiam
1575 584 1778 641 erigendi
1816 585 1956 629 colle-

326 664 469 722 gium.
512 665 757 720 Imperator
795 677 904 706 vero
935 663 1051 705 bene
1089 661 1288 717 suscepit
1326 667 1371 704 et
1408 660 1604 717 injunxit
1639 661 1748 704 mihi
1785 669 1834 705 vt
1870 663 1955 705 hec

324 742 483 786 eadem
511 740 757 785 indicarem
788 739 947 796 regine
975 739 1008 782 ².
1043 738 1212 794 Scripsi
1251 752 1362 794 ergo
1396 743 1619 781 summam
1652 738 1883 794 petitionis
1909 746 1956 783 et

326 817 488 861 tradidi
510 816 683 873 regine,
708 823 753 860 et
780 815 915 859 etiam
938 829 1015 858 ore
1038 822 1170 858 tenus
1207 813 1358 858 omnia
1395 813 1480 870 ipsi
1508 814 1746 870 explicaui.
1779 815 1956 873 Regina

325 894 390 938 sic
407 894 515 938 satis
532 895 649 938 bene
666 892 881 948 suscepit,
903 899 947 936 et
966 890 1196 947 respondit
1213 905 1261 934 se
1279 890 1395 935 velle
1417 892 1474 935 de
1497 892 1654 936 eadem
1676 907 1725 937 re
1747 893 1956 938 conferre

326 986 430 1014 cum
448 971 730 1027 imperatore.
751 971 956 1012 Locutus
974 968 1159 1012 fuissem
1177 967 1311 1011 etiam
1330 967 1514 1012 domino
1531 968 1726 1025 praesidi
1743 969 1899 1027 Viglio
1919 971 1952 1023 ³,

325 1049 406 1092 sed
428 1062 517 1090 non
541 1048 733 1090 dabatur
755 1045 1083 1102 opportunitaS,
1111 1051 1156 1090 et
1187 1045 1454 1090 festinabam
1485 1045 1828 1102 profectionem.
1855 1048 1955 1091 Tua

325 1139 436 1181 ergo
459 1123 582 1181 (mihi
605 1124 620 1144 ⁴
644 1122 848 1178 loquens)
878 1123 960 1165 Rf*
983 1121 1066 1164 ibit
1094 1122 1345 1175 Bruxellas,
1377 1129 1422 1166 et
1451 1122 1575 1166 dices
1603 1122 1770 1179 presidi
1799 1123 1954 1181 Viglio

325 1216 398 1246 me
415 1203 467 1244 R.
491 1202 547 1244 V.
573 1200 751 1244 mittere
773 1206 821 1242 vt
838 1200 1002 1243 habeat
1024 1213 1291 1256 responsum
1308 1215 1334 1242 a
1356 1199 1528 1256 regina.
1550 1201 1787 1244 Hactenus
1804 1200 1954 1245 dictus

326 1280 462 1321 srater
486 1280 664 1321 Petrus.

414 1354 480 1396 Iui
502 1368 613 1410 ergo
637 1354 887 1406 Bruxellas,
913 1369 972 1398 ne
994 1352 1103 1408 quid
1125 1353 1304 1398 deesset
1326 1368 1382 1397 ex
1397 1359 1524 1410 parte
1545 1362 1715 1407 nostra,
1740 1361 1787 1398 et
1807 1355 1954 1411 preci-

325 1445 414 1488 pue
436 1431 541 1486 quia
563 1430 774 1473 dominus
796 1431 935 1473 abbas
958 1429 1186 1475 laetiensis
1209 1431 1223 1453 ⁵
1247 1429 1339 1487 (qui
1355 1436 1499 1474 estate
1521 1430 1731 1487 preterita
1755 1432 1955 1488 suscepit

322 1507 551 1564 exercitia>
576 1514 671 1552 erat
693 1515 802 1550 tunc
832 1507 1046 1564 temporis
1078 1508 1308 1561 Bruxelle,
1338 1507 1475 1563 idque
1496 1515 1686 1552 vocatus
1708 1523 1762 1553 eo
1784 1524 1811 1552 a
1833 1509 1954 1566 regi—

322 1601 396 1638 na,
432 1600 521 1641 que
552 1586 735 1629 volebat
767 1600 871 1629 eum
910 1585 1139 1641 suscipere
1170 1585 1397 1640 quandam
1429 1584 1695 1629 ditissimam
1727 1587 1954 1630 abbatiam

322 1662 522 1706 eiusdem
547 1661 717 1706 ordinis
739 1677 877 1719 prope
899 1664 1157 1706 Tornacum
1179 1663 1254 1706 vel
1270 1661 1317 1704 in
1338 1662 1436 1718 ipso
1458 1664 1683 1717 Tornaco;
1703 1664 1784 1707 sed
1805 1664 1964 1707 bonus*

322 1740 462 1783 abbas
484 1739 713 1783 recusauit
741 1746 787 1782 et
807 1739 956 1783 varias
984 1739 1180 1783 rationes
1202 1739 1246 1782 in
1270 1739 1448 1795 scriptis
1480 1739 1644 1782 obtulit
1666 1740 1839 1797 regine,
1864 1755 1954 1796 que

318 1817 502 1860 tandem
526 1815 725 1872 suscepit
742 1816 1056 1861 excusationes
1074 1815 1228 1873 ipsius.
1256 1817 1378 1860 Inter
1398 1818 1483 1860 hec
1500 1816 1648 1860 dictus
1671 1818 1811 1861 abbas
1832 1817 1953 1861 inui-

323 1894 504 1935 tabatur
526 1908 551 1935 a
573 1892 694 1936 dicto
717 1892 871 1950 Viglio
893 1893 949 1937 ad
972 1907 1190 1938 mensam.
1217 1894 1338 1936 Inter
1358 1893 1688 1949 prandendum,
1714 1910 1740 1938 a
1762 1894 1953 1950 quibus-

321 1971 424 2012 dam
446 1969 638 2013 dominis
661 1969 918 2023 Hollandie,
940 1969 1018 2025 qui
1039 1969 1206 2013 ibidem
1224 1977 1352 2014 erant
1374 1970 1569 2025 inuitati,
1592 1971 1710 2014 facta
1727 1978 1802 2016 est
1823 1986 1954 2016 men-
2003 1970 2009 1974 ’

313 2046 384 2089 >tio
405 2046 547 2089 nostri
576 2046 783 2103 magistri
812 2046 1086 2091 Theodorici
1109 2048 1141 2099 ⁶,
1173 2047 1498 2091 concludentes
1525 2062 1682 2091 omnes
1710 2062 1809 2093 esse
1837 2049 1955 2093 male

320 2124 506 2167 factum.
534 2125 737 2168 Tandem
767 2123 948 2180 Viglius
972 2123 1146 2181 (videns
1173 2125 1383 2168 abbatem
1417 2125 1581 2181 tacere)
1611 2134 1883 2170 conuertens
1905 2142 1954 2170 se

321 2201 377 2243 ad
401 2202 626 2254 abbatem,
652 2200 780 2244 dixit:
806 2202 986 2254 Nonne,
1013 2201 1175 2258 inquit,
1201 2203 1288 2245 hoc
1316 2202 1484 2245 malum
1516 2209 1600 2255 est,
1632 2204 1725 2247 etc?
1748 2204 1956 2259 Quomo-

319 2278 394 2329 do,
414 2277 561 2333 inquit
579 2278 734 2330 abbas,
755 2280 841 2321 hoc
858 2279 1027 2321 malum
1045 2285 1180 2331 esset,
1201 2293 1305 2322 cum
1328 2279 1374 2321 in
1398 2279 1589 2323 ecclesia
1611 2279 1697 2323 Dei
1719 2294 1953 2336 nunquam

321 2369 415 2398 non
438 2355 573 2399 fuerit
594 2356 833 2411 probatum
863 2356 1053 2410 bonum,
1086 2363 1132 2400 et
1152 2358 1381 2399 sanctum?
1409 2358 1668 2413 Quomodo,
1699 2356 1847 2413 inquit
1870 2357 1954 2402 Vi-

322 2469 414 2508 tres,
435 2473 462 2501 t.
482 2476 537 2511 IV,
557 2479 646 2513 pag.
666 2466 750 2512 684,
770 2467 809 2502 in
827 2467 999 2503 editione
1018 2473 1148 2503 autem
1166 2468 1376 2514 bilbaensi,
1395 2473 1423 2503 t.
1450 2477 1491 2515 V,
1515 2479 1604 2515 pag.
1629 2468 1799 2506 13.-Cf.
1820 2470 1950 2517 Epist.

313 2526 486 2568 :Mixtae‚
506 2533 539 2561 t.
563 2536 604 2570 11,
625 2537 718 2573 pag.
742 2525 917 2572 737-738.

397 2588 403 2607 ¹
456 2586 634 2621 Ruardus
648 2586 815 2633 Tapper.

390 2647 403 2666 2
454 2646 546 2679 Erat
565 2639 698 2689 Maria,
718 2645 847 2681 Caroli
866 2646 902 2680 V
920 2657 1042 2692 soror,
1061 2645 1265 2681 Flandriae
1283 2646 1557 2692 gubernatriX.

392 2705 406 2724 ³
456 2704 609 2750 Viglius
629 2715 705 2739 van
729 2704 946 2749 Zwichem,
965 2705 1031 2752 qui
1056 2706 1153 2751 Jesu
1170 2704 1358 2740 Societati
1376 2706 1631 2742 vehementer
1647 2706 1948 2743 adversabatur.

321 2763 539 2807 POLANCO,
560 2769 588 2798 t.
609 2772 664 2809 IV,
684 2775 778 2810 pag.
802 2763 974 2811 281-283,
993 2777 1031 2800 n.
1051 2764 1123 2809 607
1141 2770 1182 2800 et
1199 2776 1309 2812 seqq.

392 2824 405 2844 ⁴
456 2823 534 2857 Ms.
559 2824 661 2858 nihi.

393 2882 407 2903 ⁵
457 2881 680 2917 Ludovicus
699 2882 867 2927 Blosius,
887 2882 1095 2918 societatis
1112 2882 1254 2928 fautor,
1273 2883 1322 2919 de
1340 2895 1417 2931 quo
1435 2895 1552 2932 saepe
1570 2884 1762 2921 diximus.

394 2941 408 2961 ⁶
458 2940 595 2976 Sermo
620 2946 681 2976 est
704 2941 753 2976 de
775 2941 1019 2977 Theodorico
1043 2941 1235 2978 Geeraert
1264 2943 1474 2988 (Gerardi).
1505 2944 1617 2990 Quae
1646 2944 1734 2980 heic
1755 2943 1953 2990 dicuntur,

323 2999 524 3045 usurpavit
549 3000 793 3047 POLANCUS‚
818 3005 851 3036 t.
875 3009 930 3045 1v,
955 3012 1045 3048 pag.
1065 3000 1148 3046 281,
1175 3002 1439 3047 n.-6o7.—Cf.
1467 3002 1642 3049 ejusdem
1667 3007 1700 3038 t.
1724 2997 1781 3047 πή,
1805 3014 1894 3050 pag.
1914 3011 1953 3050 7,

323 3063 454 3093 annot.
475 3058 509 3093 3.
1819 3072 1821 3075 ·
