2060 3450
343 242 413 279 592
844 230 1081 266 prsTOLAE
1107 227 1395 276 MIXTAE-948

387 332 444 377 Ci
470 333 497 377 ἑ
524 332 786 377 finalmente
812 332 843 375 il
870 332 1005 375 luoco
1034 330 1260 374 chiamato
1286 337 1417 375 santo
1442 331 1607 389 Joanni
1638 330 1831 375 Battista
1850 331 1931 376 del

296 410 523 463 Cantone,
541 408 573 452 il
590 409 663 453 cui
684 416 853 453 rettore
874 410 899 452 e
918 423 979 451 un
1001 407 1260 463 cauagliero
1280 407 1327 450 di
1348 409 1522 460 Rhode,
1544 415 1737 452 maestro
1758 407 1803 451 di
1821 420 1931 452 casa

298 488 372 531 del
394 489 522 534 Rmo.
549 485 776 530 cardinale
798 486 939 530 Santo
962 485 1144 541 Angelo
1169 486 1198 537 ¹,
1231 484 1343 528 fatto
1371 491 1678 529 nuouamente
1705 498 1919 530 vescouo.

300 565 335 609 Il
355 565 490 608 luoco
510 572 579 608 sta
610 563 657 606 in
679 578 740 606 un
763 569 958 606 cantone
985 562 1086 605 dela
1114 568 1247 614 terra,
1278 574 1351 604 ma
1380 563 1575 606 Modena
1600 563 1626 606 ὲ
1653 562 1856 619 picciola:
1882 563 1925 607 la

299 655 406 686 casa
426 647 472 686 et
492 642 623 684 horto
645 654 756 683 sono
777 638 916 681 molto
939 637 1146 694 spaciosi,
1171 646 1217 682 et
1238 640 1435 682 anchora
1455 639 1498 683 la
1519 638 1685 694 chiesa,
1710 639 1826 683 assai
1847 639 1926 696 piu

294 719 420 763 ‘delle
454 715 699 761 nominate.
741 714 914 760 Auanti
950 716 1035 761 che
1069 716 1100 758 1²
1139 715 1314 760 heresie
1340 730 1610 773 regnassero
1637 715 1685 759 in
1713 716 1921 770 Modena,

302 797 351 839 u'
373 810 449 840 era
479 809 569 838 una
596 792 839 837 deuotione
860 793 1034 849 grande
1060 791 1108 836 in
1136 793 1286 848 quella
1313 792 1481 846 chiesa,
1514 791 1558 837 la
1585 794 1717 849 quale
1739 807 1816 836 era
1838 804 1927 837 una

300 872 404 917 dele
424 871 502 929 piu
524 872 809 926 frequentate
830 869 876 913 di
905 870 1115 923 Modena,
1140 884 1213 913 ma
1233 871 1343 913 hora
1366 871 1392 914 ὲ
1420 884 1552 914 come
1579 870 1864 914 abandonata
1882 877 1929 914 et

303 950 393 993 mal
424 948 634 993 officiata.
670 948 735 991 La
767 960 875 991 cura
913 947 1168 992 facilmente
1199 947 1238 991 si
1275 946 1608 1004 trasferirebbe‚
1639 947 1804 1004 perche
1833 947 1859 991 ὲ
1884 946 1933 992 di

304 1025 607 1084 pocchissimi,
638 1041 663 1070 e
692 1024 781 1069 essi
810 1039 923 1068 sono
949 1024 1194 1068 contadini.
1225 1025 1348 1069 Sono
1375 1024 1502 1068 molti
1530 1024 1630 1068 altri
1656 1024 1809 1068 luochi
1837 1026 1935 1082 (per

303 1118 455 1149 essere
477 1103 524 1146 in
547 1103 759 1156 Modena‚
785 1102 879 1146 cosi
899 1101 1088 1159 piccola,
1113 1103 1170 1146 da
1193 1114 1247 1145 22
1270 1102 1439 1158 capelle
1461 1101 1631 1159 curate)
1647 1116 1721 1146 ma
1737 1116 1816 1159 per
1837 1116 1928 1146 non

303 1182 462 1225 hauer'
486 1181 530 1224 d'
555 1194 656 1224 esse
675 1179 931 1236 particolar'
954 1179 1286 1232 informatione,
1317 1180 1437 1222 doue
1456 1181 1517 1222 ho
1538 1179 1664 1222 detto
1690 1180 1775 1224 che
1795 1178 1826 1222 li
1847 1193 1929 1223 cu—

304 1258 389 1302 rati
411 1258 616 1315 potriano
638 1256 871 1301 riseruarsi
892 1256 1107 1309 l'intrata,
1132 1256 1176 1299 io
1203 1256 1390 1300 intendo
1410 1256 1533 1300 licito
1553 1257 1703 1309 modo,
1727 1256 1933 1300 abenche

303 1342 465 1391 questo
487 1349 579 1378 non
607 1334 885 1378 acaderebbe
913 1334 1095 1390 quando
1117 1335 1164 1379 S.
1191 1333 1284 1379 S.t‹‘3¹
1306 1335 1483 1379 uolesse
1504 1335 1611 1378 dare
1638 1333 1712 1378 alli
1738 1333 1816 1377 tali
1834 1348 1929 1377 una

306 1413 603 1469 ricompensa.
638 1411 696 1456 V.
733 1412 787 1455 R.
824 1411 1028 1456 adonche
1060 1411 1098 1455 si
1130 1411 1263 1455 sforzi
1291 1425 1372 1467 per
1400 1425 1551 1454 amore
1571 1409 1616 1454 di
1638 1410 1749 1469 Jesu
1776 1408 1862 1454 X.⁰
1883 1410 1929 1454 di

306 1495 494 1533 trattare
515 1489 796 1533 caldamente
818 1495 979 1544 questo
999 1488 1200 1544 negotio,
1232 1487 1417 1532 acioche
1445 1489 1494 1532 S.
1521 1489 1568 1532 M
1575 1487 1629 1531 ,θλ
1651 1487 1716 1531 sia
1737 1487 1814 1544 piu
1836 1500 1932 1532 ser-

308 1567 403 1610 uita
426 1567 512 1624 (pel
534 1565 607 1609 cui
628 1568 801 1610 honore
822 1565 860 1609 si
883 1566 927 1610 fa
947 1565 978 1608 il
1000 1567 1132 1622 tutto)
1156 1573 1201 1610 et
1228 1566 1271 1611 le
1299 1567 1454 1622 pouer'
1480 1565 1642 1618 anime,
1667 1572 1932 1622 recuperate

304 1644 377 1688 col
412 1644 563 1701 precio
599 1643 661 1687 dil
698 1657 781 1687 suo
817 1658 1008 1700 sangue,
1044 1643 1172 1686 siano
1206 1643 1410 1700 agiutate
1446 1644 1643 1688 secondo
1674 1642 1707 1685 il
1737 1641 1936 1699 bisogno

303 1721 493 1777 grande.
521 1721 582 1766 Se
603 1735 686 1764 sua
708 1720 865 1764 Ecc.za
887 1721 1007 1763 fosse
1037 1727 1206 1764 uenuta
1234 1720 1280 1762 in
1308 1721 1519 1773 Modena,
1549 1719 1797 1763 haressimo
1818 1719 1934 1762 fatto

305 1797 413 1854 ogni
437 1798 586 1841 sforzo
609 1804 763 1841 nostro
784 1797 903 1841 nella
924 1796 1221 1841 solecitudine
1243 1796 1288 1839 di
1311 1804 1471 1852 questo
1499 1796 1699 1854 negoti03
1730 1811 1804 1839 ma
1825 1809 1929 1853 spe-

305 1873 447 1918 riamo
469 1875 542 1919 nel
565 1873 759 1931 Signore
781 1876 866 1918 che
889 1875 955 1917 fra
977 1873 1040 1930 gli
1062 1874 1162 1916 altri
1193 1873 1331 1917 buoni
1354 1874 1513 1928 effetti,
1537 1873 1570 1916 li
1592 1873 1712 1929 quali
1735 1874 1829 1916 fara
1850 1887 1934 1917 sua

305 1950 575 1994 celsitudine
596 1951 686 1995 nel’
706 1951 870 1994 andata
892 1965 974 1994 sua
996 1966 1021 1994 a
1044 1952 1202 2004 Roma,
1229 1966 1318 1994 uno
1340 1966 1399 1996 ne
1420 1953 1520 1995 sara
1535 1950 1580 1994 di
1602 1951 1697 1995 fare
1718 1951 1803 1995 che
1818 1951 1931 2008 Jesu

305 2027 373 2070 sia
394 2029 686 2071 accomodato
707 2027 796 2072 neli
814 2027 913 2071 suoi
935 2028 1072 2081 serui,
1092 2027 1302 2072 massime
1323 2044 1373 2073 se
1394 2030 1494 2072 sara
1514 2027 1749 2071 solicitata.
1776 2028 1834 2070 Et
1846 2040 1936 2071 con

305 2111 468 2159 questa
489 2104 787 2162 aspettatione
817 2104 932 2148 facio
959 2106 1065 2158 fine,
1098 2104 1505 2149 raccommandomi
1532 2105 1671 2148 molto
1699 2103 1774 2148 alli
1795 2103 1935 2148 sacri-

306 2180 396 2237 ficij
420 2188 466 2225 et
487 2181 678 2225 orationi
700 2181 745 2224 di
768 2183 824 2226 V.
852 2183 905 2226 R.
932 2190 978 2225 et
999 2182 1044 2225 di
1073 2182 1179 2225 tutti
1201 2182 1265 2239 gli
1289 2181 1539 2226 charissimi
1560 2181 1702 2226 nostri
1733 2181 1867 2225 Padri
1889 2189 1937 2227 et

308 2258 485 2302 fratelli.
511 2258 570 2302 Di
594 2259 787 2303 Modena
809 2259 881 2302 alli
911 2272 961 2317 19
983 2261 1024 2302 d’
1050 2259 1206 2316 Aprile
1235 2270 1360 2315 1555.
1387 2259 1445 2303 Di
1468 2261 1524 2303 V.
1546 2261 1601 2303 R.
1627 2258 1814 2302 minimo
1837 2271 1935 2303 ser-

307 2350 368 2378 uo
389 2334 436 2378 in
452 2336 564 2393 Jesu
585 2335 782 2380 Christo.

1249 2416 1483 2459 PHILIPPO
1514 2414 1678 2458 FABRo
1701 2414 1734 2456 ².

397 2492 655 2547 Inscriptio:
673 2490 702 2548 †
719 2491 778 2534 Al
795 2492 933 2534 molto
956 2492 1068 2535 Rdo.
1091 2491 1134 2534 in
1154 2491 1336 2535 Christo
1355 2492 1516 2544 Padre,
1536 2490 1567 2533 il
1584 2492 1636 2534 P.
1658 2492 1771 2534 Mro.
1791 2491 1933 2547 Joan-

307 2567 354 2610 ni
377 2567 422 2611 di
446 2569 660 2621 Polanco,
686 2569 917 2612 sacerdote
940 2569 996 2612 de
1017 2569 1060 2611 la
1082 2567 1364 2625 Compagnia
1385 2568 1443 2612 de
1458 2569 1584 2626 Jesu.
1617 2568 1660 2611 A
1682 2568 1841 2611 Roma.

383 2793 393 2813 ¹
444 2791 680 2827 Rainuccius
698 2791 920 2827 Farnesius.

378 2853 393 2873 2
444 2850 519 2886 Hic
538 2851 644 2897 prius
666 2851 839 2886 Leernus
857 2851 1242 2887 dicebatur.--Porro
1257 2864 1356 2899 quae
1371 2852 1455 2899 ipse
1478 2853 1583 2889 Patri
1603 2850 1772 2890 Polanco
1797 2865 1940 2900 sugge—

310 2911 436 2955 rebat,
455 2916 498 2946 ut
516 2910 670 2946 fortuna
687 2921 732 2946 ac
749 2910 920 2946 conditio
937 2910 1094 2957 collegii
1111 2911 1344 2948 mutinensis
1362 2912 1400 2947 in
1419 2912 1557 2948 melius
1582 2918 1846 2959 verterentur,
1871 2926 1938 2950 ne-

308 2982 502 3018 quaquam
530 2983 578 3006 ex
604 2971 798 3006 sententia
830 2982 1069 3016 successere,
1099 2976 1142 3006 ut
1155 2971 1303 3007 eruitur
1320 2982 1370 3008 ex
1388 2971 1604 3019 POLANCO,
1623 2978 1650 3009 t.
1670 2981 1710 3019 v,
1735 2983 1825 3021 pag.
1854 2981 1936 3021 149-

311 3029 393 3075 153,
412 3043 450 3066 n.
470 3029 646 3076 424-437.
