2060 3432
795 306 844 345 30
868 310 979 357 Jum
1005 316 1096 356 1555
1640 317 1711 356 755

118 409 347 467 religione
369 416 414 454 et
436 409 545 467 ogni
566 410 699 464 bene,
719 411 804 454 che
820 409 858 454 si
873 410 1064 455 burlaua
1080 411 1126 454 di
1148 417 1284 465 tutto,
1309 417 1354 455 et
1370 410 1500 456 dicea
1516 411 1667 468 parole
1688 410 1761 454 in—

118 486 450 544 -supportabile,
475 494 521 530 et
542 488 628 532 che
648 487 687 531 si
707 494 970 544 puoteuano
993 494 1178 532 trattare
1194 502 1275 545 per
1291 487 1597 545 linquisitione
1619 488 1761 532 molto

117 571 454 621 --asperamente,
481 563 691 608 massime
712 566 926 609 ch'erano
947 571 1105 608 contra
1131 564 1163 607 il
1190 564 1448 609 santissimo
1476 571 1761 609 sacramento

116 648 174 684 *et
194 641 618 694 commandamenti,
638 641 753 695 cioe,
772 643 858 687 che
880 647 1007 686 tanto
1023 643 1048 686 e
1066 642 1226 687 merito
1243 642 1289 684 in
1305 642 1496 699 leggere
1518 641 1756 695 Cicerone,

127 719 213 763 che
229 717 396 763 sentire
412 719 455 762 la
472 733 633 763 messa:
654 720 738 762 che
754 718 845 776 puo
859 718 1155 764 liberamente
1172 726 1218 764 et
1240 733 1327 762 con
1347 720 1500 762 buona
1522 718 1761 763 conscien-

117 793 206 849 tia,
229 795 459 852 leggendo
482 795 716 849 Cicerone,
741 796 909 841 lassare
928 796 972 839 13
988 811 1136 841 messa
1152 795 1306 839 multis
1327 795 1504 849 diebus,
1524 794 1660 839 etiam
1677 796 1762 839 do—

127 871 303 915 minicis
325 879 371 916 et
394 871 534 925 fastis,
560 880 605 917 et
627 875 771 917 anche
786 873 955 916 lassare
970 873 1014 918 la
1030 873 1302 918 comunione
1317 873 1375 916 ad
1391 872 1558 916 multos
1580 886 1762 917 menses

120 955 174 992 *et
191 963 348 1002 ann0s;
375 956 419 993 et
440 949 483 993 le
500 963 581 992 sue
596 949 784 994 lettione
798 949 932 1006 piene
947 964 1125 1007 sempre
1141 964 1278 993 erano
1299 949 1346 992 di
1367 949 1547 994 schemi
1565 955 1610 994 et
1631 949 1762 994 sbeffi

116 1033 284 1069 -contra
305 1025 575 1083 predicatori
596 1033 642 1071 et
663 1026 831 1070 dottori
853 1027 1072 1084 theologi.
1098 1026 1203 1071 Non
1224 1028 1309 1071 che
1332 1033 1471 1084 tenga
1489 1027 1566 1070 tal'
1585 1025 1762 1083 opinio—

129 1104 192 1157 ni,
218 1118 290 1147 ma
311 1106 396 1148 che
418 1110 543 1147 tanto
566 1105 591 1148 e
618 1103 846 1147 obstinato
875 1111 921 1149 et
948 1104 1079 1161 priuo
1101 1103 1147 1147 di
1175 1105 1297 1148 lume
1324 1103 1372 1146 in
1400 1118 1482 1147 sue
1505 1103 1759 1159 tentationi,
1809 1121 1812 1125 ²

118 1182 215 1225 ‘che
246 1195 340 1224 non
373 1196 422 1224 sa
453 1182 538 1225 che
569 1180 685 1225 dica:
720 1196 747 1224 a
778 1181 841 1224 tal
872 1183 958 1226 che
980 1181 1067 1225 tuti
1089 1181 1232 1225 nostri
1255 1180 1418 1225 fratelli
1440 1181 1602 1225 n’eran
1623 1181 1763 1224 molto

121 1257 434 1311 scandalizati,
459 1258 578 1303 onde
601 1259 649 1301 fu
672 1258 800 1314 quasi
827 1258 1014 1302 risoluto
1036 1259 1082 1301 di
1109 1258 1367 1302 scacciarlo.
1400 1259 1476 1302 Ma
1503 1264 1657 1302 nostro
1688 1257 1764 1303 Si-

120 1349 289 1392 gnore,
314 1337 399 1378 che
416 1335 768 1380 uiolentemente
784 1335 913 1392 quasi
928 1336 974 1379 10
990 1335 1075 1379 tira
1091 1336 1149 1379 ad
1165 1350 1229 1388 se,
1249 1335 1311 1377 mi
1328 1334 1460 1380 diede
1476 1334 1524 1377 in
1544 1341 1696 1379 mente
1717 1335 1764 1378 di

131 1411 293 1456 tenirlo
313 1418 469 1455 contra
491 1426 574 1456 sua
594 1411 750 1469 uoglia
769 1411 817 1454 in
838 1426 929 1456 una
950 1426 1143 1465 camera,
1168 1427 1247 1468 per
1268 1411 1525 1468 ricolligere
1545 1412 1589 1455 la
1609 1418 1763 1456 mente

121 1488 171 1532 :si
194 1489 376 1542 uolessi,
403 1504 430 1533 0
451 1490 635 1533 almeno‘
651 1503 741 1532 non
759 1490 948 1539 ,turbare
968 1489 1000 1532 li
1021 1488 1139 1543 altri,
1164 1495 1210 1533 et
1230 1488 1261 1531 li
1282 1488 1402 1532 leuai
1429 1503 1541 1532 suoe
1566 1488 1760 1545 lettioni,

121 1573 178 1612 fet
201 1565 306 1609 tutti
336 1565 435 1609 suoi
462 1565 579 1619 libri,
605 1572 650 1611 et
677 1565 787 1623 ogni
814 1566 1178 1620 conuersatione,
1207 1565 1533 1609 monstrandoli
1559 1566 1645 1609 che
1671 1580 1764 1609 non

126 1644 264 1689 uolea
285 1643 423 1686 molto
445 1642 646 1687 ritenirlo
668 1649 737 1686 tra
758 1642 837 1687 noi
857 1642 905 1686 in
927 1643 989 1686 tal
1010 1657 1093 1686 sua
1114 1642 1322 1686 fantasia.
1349 1643 1485 1686 Onde
1506 1642 1613 1699 puoi
1634 1643 1680 1686 lo
1700 1642 1764 1685 ri-

121 1708 280 1764 ·trouai
302 1727 421 1764 tutto
442 1721 656 1763 confusso
676 1727 723 1764 et
743 1719 876 1777 pieno
897 1719 943 1763 di
962 1719 1195 1775 lachrime,
1215 1726 1261 1764 et
1277 1719 1337 1762 mi
1352 1719 1577 1763 domando
1592 1719 1635 1763 13
1652 1733 1763 1763 con-

132 1797 343 1851 fessione,
368 1798 412 1840 13
433 1798 565 1854 quale
587 1797 685 1842 fece
706 1811 792 1841 con
814 1812 931 1854 gran
951 1797 1240 1851 sentiment03
1272 1803 1317 1841 et
1345 1798 1456 1840 hora
1482 1797 1527 1840 10
1548 1797 1763 1840 mandato

119 1875 202 1918 col
224 1877 277 1919 P.
304 1874 516 1919 Cornelio
539 1889 565 1918 3
586 1875 767 1919 Loreto.
792 1874 882 1918 Dio
904 1874 970 1931 gli
990 1873 1064 1917 dia
1084 1887 1427 1931 perseueranza.

219 1952 438 1996 Giacomo
459 1958 529 1995 sta
549 1951 656 1995 nelli
678 1951 912 2008 essercitij,
937 1966 1013 1995 mo
1037 1958 1163 1994 tanto
1179 1950 1356 2005 afflitt0‚
1375 1952 1461 1995 che
1477 1965 1570 1994 non
1586 1965 1636 1994 sa
1658 1950 1763 1993 nul-

121 2030 189 2073 ‘laz
214 2029 291 2086 piu
312 2029 356 2071 10
377 2028 556 2086 ritengo
583 2029 615 2071 li
641 2043 721 2085 per
751 2029 920 2073 hauere
948 2027 996 2070 in
1023 2035 1185 2083 questo
1213 2042 1341 2072 mezo
1370 2041 1482 2084 pace
1510 2034 1579 2070 tra
1601 2026 1692 2080 noi,
1718 2034 1763 2072 et

121 2105 395 2150 ·ris01uti0ne
416 2106 533 2149 dalla
554 2107 608 2149 R.
636 2107 689 2149 P.
715 2106 794 2159 V.‚
814 2104 1161 2149 ch’altrimente.
1182 2104 1324 2149 Come
1340 2103 1454 2148 hieri
1470 2103 1531 2147 mi
1548 2102 1685 2157 disse,
1706 2104 1763 2147 da

122 2182 210 2239 piu
240 2181 346 2226 anni
378 2181 529 2226 tienne
561 2187 721 2238 questa
752 2180 1019 2234 tentatione,
1054 2187 1100 2225 et
1132 2195 1246 2238 gran
1275 2180 1516 2237 trauaiglio
1538 2182 1683 2224 anche
1703 2181 1762 2223 ha

120 2260 238 2303 dato
260 2273 287 2303 a
308 2261 371 2303 M.
396 2259 648 2302 Leonardo.

133 2351 141 2360 ·'
221 2337 325 2380 Non
346 2350 396 2379 so
418 2336 531 2378 altro
553 2350 632 2392 per
652 2336 828 2389 adesso,
854 2334 1002 2378 Padre
1023 2334 1113 2378 mio
1130 2333 1177 2377 in
1194 2336 1280 2378 X.⁰
1298 2335 1413 2378 Rdo.
1435 2336 1762 2378 Raccomman—

121 2414 188 2457 ‹do
211 2420 370 2469 questo
392 2411 586 2469 collegio
608 2413 693 2456 alle
714 2418 844 2456 sante
865 2410 1057 2455 orationi
1078 2412 1195 2455 della
1216 2413 1269 2455 R.
1298 2413 1352 2455 P.
1380 2412 1457 2464 V.‚
1477 2426 1556 2467 per
1576 2411 1619 2454 le
1641 2409 1762 2467 quali

130 2505 181 2534 so
202 2496 326 2533 certo
348 2489 414 2532 sia
435 2496 554 2532 stato
577 2488 781 2545 agiutato
803 2487 1256 2544 grandissimamente
1277 2488 1341 2531 fin
1363 2503 1390 2532 a
1410 2489 1536 2531 hora.
1557 2486 1654 2532 Stia
1674 2501 1762 2530 con

128 2566 191 2612 lei
211 2567 313 2610 Iesu
334 2565 419 2610 X.⁰
441 2565 501 2608 Di
523 2564 728 2608 Ricanati
751 2564 826 2608 alli
849 2577 905 2619 30
926 2565 982 2608 de
1005 2564 1169 2621 Luglio
1198 2575 1325 2620 1555.

218 2644 284 2687 La
299 2641 592 2699 poenitentia,
613 2642 788 2686 benche
804 2640 1241 2698 negligentemente,
1261 2643 1360 2698 pur’
1385 2641 1423 2685 si
1446 2641 1504 2684 fa.
1525 2639 1585 2684 Di
1617 2641 1675 2684 V.
1703 2641 1756 2683 P.

124 2720 302 2778 figliolo
323 2719 369 2762 in
391 2720 473 2762 X.⁰
495 2717 828 2775 indignissimo,

981 2794 1226 2838 OLIUERIO
1260 2796 1518 2839 MANAREO.

219 2874 479 2929 Inscriptio:
505 2872 534 2930 †
557 2872 617 2916 Al
638 2871 780 2915 molto
808 2871 922 2914 Rdo.
954 2869 1001 2913 in
1027 2871 1113 2914 X.⁰
1143 2871 1305 2924 Padre,
1330 2871 1362 2914 il
1391 2873 1443 2915 P.
1470 2868 1559 2915 M.⁰
1582 2868 1761 2926 Ignatio

119 2951 188 2994 *de
209 2951 393 3006 Loyola‚
420 2949 646 3006 preposito
663 2948 875 3005 generale
891 2947 1008 2991 della
1024 2947 1307 3004 Compagnia
1322 2948 1369 2991 di
1384 2948 1511 3006 Jesu,
1530 2946 1575 2989 in
1598 2947 1759 2991 Roma.

125 3028 307 3084 Pagato
330 3026 359 3069 il
381 3033 527 3083 porto.
554 3025 662 3069 Alia
683 3038 842 3067 manu:
863 3025 963 3068 R.ta
993 3022 1068 3066 aui
1095 3035 1146 3079 13
1166 3025 1410 3081 d’Agosto.
