2014 3470
318 278 388 324 390
816 276 1053 312 EPISTOLAE
1077 270 1364 316 Momm-876

358 379 445 423 Del
469 380 522 422 P.
548 379 757 422 Guttano
778 384 823 420 et
844 375 890 420 di
913 374 1103 420 Ottauio
1125 387 1217 416 non
1238 374 1298 415 ho
1319 370 1486 414 sentito
1507 383 1613 413 cosa
1633 381 1768 411 noua.
1793 367 1899 410 Non

268 457 398 508 altro,
439 471 488 500 se
526 469 617 498 non
654 456 739 499 che
766 467 945 511 sempre
974 450 1080 495 tutti
1107 449 1406 494 humilmente
1433 461 1482 508 se
1509 442 1904 490 raccomandiamo

268 533 339 575 all'
364 531 556 576 orationi
588 531 645 575 de
677 532 735 575 V.
772 532 827 575 R.
864 532 917 574 P.
953 528 1012 573 Di
1045 528 1253 572 Palermo
1285 524 1359 568 alli
1389 539 1418 582 9
1449 524 1506 567 de
1538 522 1734 567 Ottobre
1767 529 1901 575 1554.

270 610 330 653 D.
357 610 414 653 V.
443 610 497 652 R.
526 610 579 652 P.
604 606 924 665 indignissimo
945 619 1079 650 seruo
1099 604 1146 647 in
1162 605 1272 662 Jesu
1295 601 1493 653 Christo,

1179 682 1343 724 PAOLo
1375 692 1439 722 DE
1471 678 1696 721 ACHILLI.

360 763 623 819 Inscriptio:
645 761 674 820 ’ξ-
691 762 750 806 Al
769 761 909 804 molto
927 759 1041 803 Rdo.
1063 758 1110 801 in
1129 756 1311 802 Christo
1334 756 1497 807 Padre,
1515 753 1548 796 il
1565 755 1618 797 P.
1639 754 1703 797 M.
1723 751 1908 809 Ignatio

273 841 330 884 de
349 840 539 897 Loyola,
556 838 788 896 preposito
806 837 1020 894 generale
1035 836 1151 879 dela
1169 831 1451 890 Compagnia
1466 831 1511 874 di
1523 831 1650 889 Jesfi.
1674 830 1725 873 In
1741 830 1906 872 Roma.

362 918 470 960 Alia
487 930 646 959 manu:
668 915 783 959 Dice
804 914 923 959 della
945 911 1192 956 donatione
1214 911 1287 954 del
1308 909 1458 966 priore
1480 908 1702 964 Seghera.

1036 1146 1157 1187 876

780 1219 1021 1285 JOANN'ES
1046 1234 1408 1273 PELLETARIUS

650 1323 837 1366 PATRI
869 1321 1131 1366 IGNATIO
1163 1322 1246 1364 DE
1277 1319 1537 1364 LOYOLA

736 1425 948 1452 FERRAmA
985 1424 1026 1451 12
1061 1423 1269 1452 ocrossms
1306 1422 1397 1459 1554
1431 1413 1458 1448 ¹.

280 1500 448 1536 Ducissa
466 1499 667 1535 Ferrariae
693 1499 732 1535 in
755 1500 858 1535 bene
876 1499 1027 1546 coeptis
1049 1502 1288 1545 perseverat.
1299 1495 1564 1543 -Ignorantia
1586 1495 1644 1531 rei
1661 1494 1916 1538 christianae„

278 1570 355 1606 qua
372 1559 551 1594 laborant
568 1558 753 1604 feminae,
772 1569 872 1605 quae
890 1557 1070 1594 ducissae
1095 1562 1186 1593 sunt
1211 1558 1261 1592 ab
1279 1555 1642 1604 obsequiis.-Eas,
1659 1554 1811 1589 Renata
1827 1564 1920 1600 pro-⁴

355 1619 489 1664 bante,
507 1617 688 1653 instituet
714 1616 963 1654 Pelletarius.

1083 1715 1112 1757 Τ

373 1795 439 1838 La
460 1794 607 1851 gratia
628 1801 674 1838 et
695 1809 805 1851 pace
826 1795 901 1838 del
921 1795 969 1840 S.
995 1796 1054 1839 N.
1074 1796 1117 1852 J.
1143 1795 1202 1838 X.
1228 1792 1457 1851 perseueri
1479 1807 1655 1849 sempre
1676 1792 1781 1836 nell'
1815 1791 1919 1835 ani-

285 1871 347 1914 mi
370 1870 528 1915 nostri.
555 1871 720 1915 Amen.
747 1871 835 1915 Gia
857 1872 948 1914 dua
963 1872 1085 1916 volte
1112 1885 1139 1914 o
1168 1878 1236 1916 tre
1263 1869 1405 1915 auisai
1433 1870 1477 1913 la
1507 1872 1559 1913 P.
1593 1871 1645 1913 V.
1672 1875 1842 1925 quanto
1872 1869 1924 1913 la

286 1947 444 1991 diuina
465 1947 771 1991 misericordia
794 1949 892 1993 fece
913 1963 999 1992 con
1019 1949 1063 1991 la
1080 1949 1219 1991 Illma.
1241 1962 1346 1991 casa
1362 1947 1419 1992 de
1436 1947 1658 2001 madama,
1678 1953 1724 1989 et
1739 1945 1772 1990 il
1789 1946 1923 1991 felice

290 2038 503 2068 successo
525 2025 642 2069 della
663 2039 746 2068 sua
767 2024 1025 2070 reduttione
1046 2025 1089 2069 al
1109 2039 1218 2069 vero
1239 2031 1419 2081 pastore
1440 2030 1486 2068 et
1507 2038 1615 2068 vero
1637 2023 1758 2067 ousse
1778 2023 1811 2066 ².

380 2101 530 2144 Horra
552 2100 679 2144 auiso
699 2101 743 2144 la
766 2103 818 2145 P.
846 2102 904 2145 V.
930 2116 1060 2146 come
1080 2101 1112 2144 il
1133 2102 1182 2146 S.
1209 2102 1266 2145 N.
1281 2102 1326 2159 J.
1346 2102 1404 2144 X.
1425 2115 1517 2144 non
1533 2102 1726 2143 mancha
1742 2099 1816 2144 dal
1831 2113 1924 2143 suo

291 2183 420 2220 tanto
443 2191 640 2234 porgere
661 2177 693 2220 il
714 2192 798 2221 suo
820 2177 945 2223 aiuto
965 2193 1046 2235 per
1067 2178 1098 2221 il
1125 2193 1249 2223 meso
1277 2177 1322 2221 di
1350 2178 1465 2231 suoi,
1490 2176 1625 2222 etiam
1654 2175 1818 2234 inutili,
1848 2175 1920 2219 in-

291 2253 526 2298 stromenti
544 2269 570 2297 a
586 2255 711 2298 detta
724 2269 843 2308 casa,
858 2262 904 2299 et
920 2255 958 2299 si
975 2256 1019 2298 fa
1036 2255 1182 2312 gratia
1198 2256 1255 2299 de
1274 2254 1471 2298 visitarla
1487 2268 1660 2311 spesso,
1676 2260 1721 2297 et
1735 2251 1927 2310 raggio-

294 2345 403 2374 nare
426 2344 515 2373 con
536 2331 661 2375 detta
682 2332 889 2376 madama
910 2333 1027 2378 delle
1048 2347 1153 2376 cose
1174 2331 1236 2375 dil
1253 2331 1447 2389 Signore
1463 2340 1634 2384 nostro,
1653 2337 1700 2374 et
1714 2329 1839 2374 varie
1855 2330 1926 2373 al-

300 2414 384 2460 tre,
409 2421 536 2451 come
558 2422 755 2452 occorre.

386 2485 462 2528 Me
483 2483 654 2527 ritrouo
676 2485 762 2529 alle
784 2486 906 2530 volte
928 2486 1109 2542 quando
1131 2486 1169 2529 si
1189 2485 1290 2530 dice
1309 2486 1352 2529 la
1373 2500 1511 2538 mesa,
1536 2485 1623 2529 alla
1651 2474 1784 2540 quale
1805 2490 1931 2528 tutta

295 2559 339 2603 la
362 2560 575 2616 fameglia
595 2575 678 2605 sua
699 2575 748 2605 se
770 2560 940 2605 ritroua
962 2576 1097 2607 senza
1118 2563 1293 2619 grande
1319 2562 1654 2618 impedimento.

387 2637 452 2680 La
486 2637 626 2680 Illma.
658 2638 865 2682 madama
892 2654 965 2684 me
991 2653 1158 2696 pareua
1180 2640 1393 2695 alquanto
1417 2646 1574 2695 troppo
1595 2645 1822 2692 nascosta‚
1847 2639 1930 2695 pisi

299 2714 343 2755 d’
385 2727 447 2756 un
469 2713 560 2756 lato
589 2715 674 2758 che
701 2714 758 2759 de
787 2716 933 2769 laltro,
966 2717 1148 2772 quando
1176 2730 1226 2759 se
1253 2717 1446 2769 celebra,
1477 2715 1523 2758 di
1550 2715 1685 2759 modo
1713 2716 1801 2760 che·
1833 2729 1932 2760 non.

298 2795 428 2832 staua
449 2790 491 2832 al
513 2804 668 2834 mezzo
688 2791 805 2834 della
826 2799 957 2847 porta
979 2794 1063 2836 che
1086 2792 1296 2849 risponde
1314 2793 1401 2836 alla
1416 2793 1526 2846 sala,
1544 2792 1663 2836 doue
1679 2806 1729 2836 se
1746 2790 1810 2848 gli
1826 2790 1932 2836 dice

300 2866 343 2909 la
364 2873 494 2909 santa
515 2881 678 2911 messa.

375 3002 387 3022 ¹
437 3003 495 3037 Ex
513 3004 753 3050 autographo
772 3003 811 3039 in
830 3005 907 3040 vol.
928 3005 973 3051 E,
992 3005 1138 3052 duplici
1156 3005 1265 3053 folio,
1283 3017 1327 3042 n.
1349 2991 1409 3051 68',
1428 3005 1534 3052 prius
1556 3013 1637 3051 111,
1659 3013 1739 3040 112.

373 3063 388 3083 ²
440 3061 540 3097 Vide
559 3061 674 3109 epist.
694 3061 778 3110 863,
797 3062 880 3108 865.
