2060 3450
354 276 425 323 532
851 278 1089 313 EPISTOLAE
1114 277 1402 323 M1XTAE-929

296 380 598 438 guadagnare
619 380 649 423 il
672 386 838 436 tempo.
866 380 1053 436 Quanto
1075 379 1162 422 allo
1182 377 1357 434 spirito,
1382 378 1425 422 io
1442 393 1555 422 sono
1576 394 1708 423 secco
1726 395 1854 427 come
1871 396 1936 425 un

293 459 449 515 legno,
465 464 512 502 et
527 457 655 502 fredo
672 471 802 501 come
818 457 861 500 la
878 455 1053 513 giaceia
1075 462 1121 500 et
1142 456 1216 500 nel
1239 454 1429 500 recitare
1450 456 1633 500 l'officio
1655 464 1701 502 et
1721 458 1765 501 la
1783 472 1934 503 messa

293 541 339 579 et
359 535 466 580 nell’
491 535 603 578 altre
625 548 746 587 cose,
771 540 817 578 et
839 549 922 577 son
944 531 1297 585 distrattissimo,
1322 539 1544 589 occupata
1558 534 1602 577 la
1618 542 1770 580 mente
1785 537 1843 579 da
1858 535 1929 580 in-

292 612 410 656 finiti
431 612 625 669 pensieri
648 611 754 655 uani
775 619 820 655 et
843 610 1011 663 nociui,
1037 609 1237 653 radicato
1258 610 1333 654 nel
1348 610 1529 666 proprio
1545 625 1713 665 amore,
1733 619 1779 656 et
1795 612 1936 670 pieno

293 689 339 733 di
360 689 588 746 superbia,
614 690 731 732 onde
753 703 826 733 me
848 702 1050 731 nascono
1071 686 1237 730 infiniti
1260 685 1380 730 uicii:
1405 694 1451 731 et
1473 702 1587 731 sono
1615 689 1754 732 molto
1775 688 1936 746 inepto

293 782 320 811 a
342 781 548 823 saperme
570 780 840 823 gouernare,
866 779 959 808 non
980 766 1064 808 che
1087 763 1203 807 altri.
1225 765 1314 808 Per
1337 770 1464 808 tanto
1487 764 1691 821 supplico
1713 767 1770 810 V.
1796 767 1850 810 R.
1873 769 1925 811 Ρ.

293 845 378 888 che
400 844 550 900 quella
571 858 621 886 se
643 842 782 900 degni
808 841 1013 886 hauermi
1044 841 1379 898 compassione,
1405 848 1451 886 et
1471 843 1867 888 raccomandarme
1888 844 1933 887 al

293 921 489 978 Signore
520 920 709 965 insieme
735 934 823 963 con
854 926 973 962 tutto
1002 925 1163 974 questo
1191 932 1275 962 suo
1303 917 1519 975 collegio,
1545 918 1671 963 aecio
1705 919 1939 976 possiamo-

293 998 376 1041 far'
400 997 478 1054 pisi
501 998 642 1041 frutto
664 1012 743 1053 per
764 995 1013 1048 laduenire,
1039 996 1123 1039 che
1145 1010 1237 1039 non
1258 996 1453 1039 hauemo
1475 1010 1554 1052 per
1575 995 1607 1039 il
1628 1002 1824 1052 passato.

381 1074 576 1131 Degnisi
597 1074 629 1116 il
652 1074 848 1131 Signore
870 1059 1168 1130 augmentare
1183 1073 1227 1116 la
1248 1079 1378 1116 santa
1398 1086 1592 1129 persona
1619 1072 1664 1116 di
1687 1074 1744 1117 V.
1771 1075 1825 1118 R.
1853 1076 1934 1127 P..
1974 1118 1977 1121 ,

293 1152 325 1195 li
348 1152 422 1196 cui
443 1151 563 1208 piedi
584 1151 881 1196 humilmente
902 1151 1102 1194 basamo.
1127 1149 1187 1193 Di
1208 1151 1244 1193 F
1247 1149 1398 1194 irenze
1426 1162 1477 1208 19
1497 1149 1544 1193 di
1565 1150 1774 1195 Gennaio
1801 1162 1935 1207 1555-

293 1229 354 1273 Di
375 1231 432 1274 V.
459 1231 513 1273 R.
542 1231 595 1273 P.
621 1244 706 1272 suo
727 1228 912 1271 minimo
935 1234 981 1272 et
1001 1226 1206 1284 figliuolo
1227 1226 1428 1284 indegno
1449 1226 1495 1270 in
1517 1226 1620 1281 X.⁰,

1086 1304 1343 1348 LUDomco
1375 1318 1439 1348 DE
1470 1305 1754 1349 COUDRETO.

386 1384 648 1439 Inscripiio:
669 1383 698 1442 †
721 1383 782 1427 Al
803 1383 946 1425 molto
968 1382 1082 1425 Rdo.
1109 1380 1156 1423 in
1179 1380 1361 1424 Christo
1384 1382 1546 1434 Padre,
1571 1381 1602 1424 il
1625 1383 1678 1425 P.
1707 1383 1768 1426 M.
1795 1384 1938 1440 Igna—-

296 1460 367 1504 cio
389 1461 447 1504 de
469 1461 655 1516 Loyola,
680 1459 910 1517 preposito
934 1458 1149 1516 generale
1170 1458 1289 1502 della
1312 1458 1597 1515 Compagnia
1624 1459 1670 1502 di
1701 1459 1861 1513 Giesfi‚
1886 1459 1937 1503 in

297 1539 456 1582 Roma.
481 1538 589 1581 Alia
611 1552 770 1581 manu:
791 1539 892 1581 R.ta
919 1535 994 1580 alli
1017 1548 1073 1590 24
1094 1535 1169 1580 del
1185 1535 1440 1580 medesimo.

1061 1765 1191 1804 929

654 1860 1011 1906 THEODOSIUS,
1037 1860 1151 1896 DUX
1177 1861 1248 1895 DE
1273 1859 1566 1907 BRAGANCA

530 1951 778 1995 PATRI
830 1950 1181 1994 IGNATIO
1234 1950 1331 1992 DE
1382 1950 1714 1994 LOYOLA

739 2057 1032 2085 vaLLAvrriosA
1058 2058 1104 2094 24
1128 2057 1323 2093 JANUARn
1351 2057 1441 2094 1555
1468 2050 1498 2085 ¹.

301 2139 425 2176 Suum
444 2140 618 2184 fratrem,
636 2138 912 2183 Theotoniurn‚
931 2138 1085 2184 Ignatio
1103 2139 1188 2192 vult
1207 2137 1321 2173 enixe
1340 2138 1831 2175 commendatum.—Illum
1854 2140 1938 2176 exi-

372 2199 506 2236 stimat
535 2199 584 2234 ad
608 2198 792 2234 orationis
817 2198 953 2242 otium,
978 2209 1093 2245 quam
1118 2197 1166 2232 ad
1190 2197 1406 2233 studiorum
1429 2198 1597 2242 labores,
1622 2198 1745 2244 magis
1771 2210 1935 2246 propen-

372 2258 687 2295 sum.—Sodales
705 2257 753 2293 ad
781 2257 1038 2293 excolendum
1063 2268 1176 2292 suum
1201 2256 1399 2304 oppidum,
1425 2256 1765 2303 Villamvitiosam,
1790 2259 1935 2306 poscit..

392 2374 524 2416 Rmo.
552 2372 715 2416 Padre.
739 2373 828 2414 Por
844 2372 1016 2414 huuma
1032 2377 1156 2414 carta
1173 2370 1232 2413 do
1251 2371 1416 2415 senhor
1433 2370 1724 2419 embaixador
1741 2372 1798 2416 de
1816 2373 1935 2415 Por-

304 2450 432 2506 tugal
454 2450 487 2502 ²,
512 2449 656 2492 soube
677 2462 806 2492 como
828 2450 937 2492 hera
959 2447 1165 2504 chegado
1186 2462 1292 2491 meu
1314 2446 1469 2501 irm‘ao,
1489 2447 1593 2490 dom
1617 2448 1872 2491 Theotonio
1895 2450 1932 2503 ³,

302 2541 329 2569 a
350 2541 427 2570 esa
448 2532 593 2570 samta
614 2539 734 2577 casa,
754 2525 920 2568 homde
937 2525 992 2568 V.
1013 2526 1065 2567 P.
1087 2531 1226 2576 estaa,
1247 2539 1273 2568 e
1292 2523 1477 2580 follguei
1499 2531 1657 2580 muyto
1673 2525 1730 2569 de
1751 2539 1824 2568 ser
1845 2525 1931 2578 asi,

301 2617 475 2660 porque
497 2616 655 2659 espero
678 2616 749 2646 em
771 2616 906 2645 nosso
930 2602 1106 2646 Senhor
1123 2601 1180 2644 de
1197 2615 1306 2645 nese
1322 2600 1499 2657 colegio
1515 2615 1565 2645 se
1589 2601 1709 2645 sacer
1729 2601 1816 2646 elle
1839 2608 1933 2645 tam

302 2681 453 2732 docto,
467 2693 597 2723 como
611 2678 778 2734 desejO.
802 2679 923 2733 Peeo
938 2684 1098 2734 muyto
1114 2692 1139 2720 a
1156 2678 1212 2721 V.
1237 2679 1290 2720 Ρ.
1311 2677 1474 2721 mande
1490 2677 1630 2733 loguo
1646 2678 1728 2720 dar
1744 2679 1935 2723 hordem

301 2772 408 2813 pera
430 2771 519 2812 que
540 2771 723 2812 comeqe
744 2769 826 2798 seu
850 2756 1030 2807 estudo,
1055 2769 1080 2798 e
1102 2769 1206 2798 nam
1236 2754 1446 2798 aleuante
1467 2745 1708 2807 mao'dele,
1735 2761 1808 2799 ate
1830 2770 1935 2798 nam

299 2835 463 2877 aeabar
479 2832 657 2876 doubiir
673 2848 699 2876 a
717 2831 963 2888 theologia,
986 2846 1174 2888 porque,
1195 2846 1221 2874 a
1237 2831 1445 2874 mandalo
1462 2845 1488 2874 a
1511 2837 1642 2875 outra
1658 2838 1801 2887 parte,
1824 2832 1941 2875 todo

376 2966 387 2985 ¹
437 2964 496 2998 Ex
514 2962 694 3008 originali
713 2961 752 2997 in
770 2962 851 2997 vol.
878 2962 923 3007 F,
942 2960 1088 3008 duplici
1107 2960 1212 3007 folio,
1231 2972 1270 2996 n.
1294 2969 1374 3006 121,
1394 2959 1500 3007 prius
1518 2958 1600 3005 573.

372 3025 387 3044 ²
442 3023 666 3069 Alphonsus
684 3020 733 3056 de
751 3019 977 3056 Lencastre.

373 3083 388 3102 ⁵
441 3081 545 3117 Vide
564 3092 664 3128 quae
683 3080 903 3116 monuimus
921 3079 969 3115 ad
988 3080 1108 3127 epist.
1131 3079 1214 3125 870,
1234 3090 1324 3126 pag.
1342 3077 1425 3125 379,
1445 3084 1637 3123 annot.¹5.
