2034 3476
313 229 383 265 316
797 231 1047 266 Ep1STOLAE
1077 228 1366 274 Mutua—850

267 330 391 374 tione
412 337 458 374 et
480 327 797 376 dotatione'de
825 329 985 387 quelli,
1015 330 1209 375 essendo
1239 330 1422 374 alchuni
1449 330 1555 374 beni
1582 331 1656 376 del
1683 338 1802 376 stato
1828 346 1905 376 ec-

263 400 533 454 clesiastico,
559 401 660 444 altri
682 403 755 446 del
776 409 895 446 stato
916 402 1139 453 secolare,
1165 407 1211 445 et
1240 400 1389 456 questi
1418 416 1445 445 0
1472 401 1637 458 priuati
1665 416 1692 446 0
1715 402 1899 458 publici.

265 479 397 534 Dopo
419 479 616 521 anchora
637 478 711 522 dal
742 480 877 523 modo
906 492 1035 522 come
1062 477 1390 534 gouuerniamo
1418 478 1464 522 in
1493 478 1631 535 quelli
1657 478 1836 536 collegij
1859 480 1902 524 la

263 553 489 611 giouentu
511 562 665 599 nostra
681 562 851 611 quanto
873 556 916 599 al
935 555 1051 598 vitto
1068 561 1114 598 et
1129 553 1311 607 vestito,
1331 556 1562 599 reddendo
1583 556 1777 600 alchune
1793 571 1902 613 rag-

262 629 388 687 gioni
409 633 575 687 perche
598 646 689 675 non
711 633 919 677 debbano
941 646 1092 675 essere
1113 630 1266 674 ridotti
1294 647 1320 675 a
1348 631 1555 689 rigorosa
1586 631 1822 689 disciplina
1843 633 1900 677 de

263 696 536 752 abstinentie
568 716 614 752 et
641 709 877 753 affiittione
904 708 1150 765 corporale.
1182 709 1219 751 F
1221 707 1465 753 inalmente
1496 722 1583 752 con
1605 709 1902 753 essortatione

263 785 350 828 che
372 798 454 828 sua
476 788 681 842 magesta
703 786 943 842 spingesse
964 785 1007 828 la
1027 787 1199 829 maesta
1217 785 1290 829 del
1307 800 1355 829 re
1378 793 1548 839 nostro,
1570 800 1596 829 a
1617 793 1772 842 presto
1796 787 1902 829 fun·

264 861 348 904 dar
369 875 455 905 con
477 862 630 907 debite
651 862 817 906 intradi
840 869 1001 918 questo
1022 868 1178 906 nostro
1200 862 1394 918 collegio
1417 862 1679 907 viennense:
1705 877 1763 906 ne
1787 863 1902 908 forte

264 937 351 981 ista
373 939 614 995 plusquam
637 939 869 983 triennalis
892 953 1017 983 mora
1038 939 1285 984 adduceret
1308 939 1496 996 grauius
1517 939 1779 996 periculum.

354 1015 573 1070 Alquanti
605 1015 755 1072 giomi
786 1017 920 1072 dopo,
955 1016 1076 1060 disse
1106 1015 1137 1058 il
1169 1016 1295 1060 detto
1322 1015 1692 1060 vicecancelliero
1708 1017 1826 1074 Jona
1857 1017 1900 1060 al

266 1093 319 1135 P.
346 1092 546 1145 Canisio,
567 1106 696 1137 come
713 1092 776 1136 lui
793 1095 940 1137 hauea
955 1093 1067 1136 letto
1084 1107 1111 1136 a
1127 1107 1210 1136 sua
1226 1095 1399 1137 maesta
1416 1093 1566 1148 quella
1582 1092 1898 1138 informatione

263 1174 434 1221 nostra,
459 1169 502 1211 la
525 1170 689 1224 qualle,
715 1169 994 1214 intendendo
1015 1171 1101 1212 che
1124 1170 1360 1213 faceuamo
1382 1183 1464 1226 per
1484 1171 1654 1214 hauere
1679 1177 1897 1226 perpetue

264 1244 445 1298 intradi‚
471 1244 911 1306 marauig[lan]dose,
936 1245 1058 1290 disse
1074 1247 1159 1290 che
1175 1247 1322 1290 hauea
1338 1247 1654 1290 commendato
1669 1261 1694 1290 a
1714 1261 1775 1289 vn
1792 1261 1897 1303 pre—

265 1321 439 1366 sidente
462 1322 567 1366 delli
589 1322 695 1368 beni
718 1324 836 1368 della
858 1338 1052 1376 camera,
1078 1324 1163 1367 che
1185 1323 1230 1366 di
1262 1323 1400 1378 quelli
1428 1338 1479 1367 se
1507 1324 1678 1367 facesse
1700 1324 1743 1366 la
1770 1323 1898 1368 dota-

263 1397 401 1451 tione,
427 1406 473 1442 et
495 1401 580 1444 che
602 1415 651 1444 se
668 1400 955 1445 scriuesseno
971 1401 1131 1444 lettere
1147 1401 1204 1444 de
1221 1400 1584 1453 confirmatione,
1604 1415 1649 1444 et
1665 1414 1897 1444 comman—

258 1476 320 1519 do
343 1476 626 1521 caldamente
648 1478 690 1520 al
712 1478 838 1522 detto
859 1477 1229 1521 vicecancelliero
1246 1479 1331 1522 che
1347 1478 1537 1521 vedesse
1553 1479 1719 1534 perche
1735 1491 1831 1520 non
1846 1492 1897 1522 se

258 1566 336 1596 era
365 1552 569 1609 espedito
598 1554 750 1609 quello
778 1555 978 1610 negotio.
1011 1555 1209 1598 Restaua
1237 1555 1322 1598 che
1350 1553 1596 1610 sapessimo
1624 1553 1699 1597 noi
1728 1553 1828 1597 altri
1857 1553 1896 1597 si

254 1628 564 1673 doueressimo
587 1629 664 1685 qui
687 1630 901 1674 sollicitar
922 1644 1107 1686 apresso
1124 1631 1319 1673 alchuno
1335 1631 1392 1675 de
1415 1630 1552 1686 quelli
1569 1630 1796 1687 seignore,
1820 1644 1893 1674 es-

256 1704 409 1761 pedito
431 1705 478 1748 in
500 1714 662 1762 questo
691 1706 892 1763 negotio,
915 1706 953 1750 si
982 1706 1090 1750 forsi
1119 1721 1210 1750 non
1241 1707 1360 1750 fosse
1381 1706 1531 1750 inanzi
1560 1707 1603 1750 la
1630 1707 1794 1763 partita
1820 1707 1894 1750 del

258 1796 322 1825 re.
349 1783 407 1825 Et
428 1796 508 1838 per
529 1790 691 1838 questo
722 1782 833 1826 hieri
856 1784 942 1827 alla
970 1798 1070 1828 sera
1092 1783 1332 1826 domandai
1353 1783 1480 1826 auiso
1508 1797 1641 1839 sopra
1661 1782 1707 1826 di
1729 1791 1892 1839 questo

257 1857 398 1902 dubio
420 1859 461 1902 al
490 1859 673 1915 signore
696 1859 1083 1914 vicecancelliero,
1109 1867 1155 1904 et
1176 1874 1249 1904 me
1272 1859 1466 1916 replicco
1489 1867 1649 1915 questa
1670 1860 1746 1917 gia
1767 1861 1893 1905 detta

258 1934 461 1989 historia,
503 1935 834 1993 aggiungendo
872 1938 958 1981 che
996 1938 1109 1980 altra
1145 1937 1268 1980 volta
1300 1939 1446 1981 hauea
1482 1937 1715 1981 admonito
1743 1938 1893 1994 quello

258 2011 582 2067 commissario,
607 2021 652 2057 et
675 2013 847 2070 ripreso
871 2014 989 2057 della
1010 2028 1094 2057 sua
1116 2013 1296 2067 tardita,
1322 2021 1367 2057 et
1389 2016 1473 2058 che
1495 2028 1544 2057 se
1566 2016 1712 2059 hauea
1731 2013 1893 2057 humil-

256 2096 408 2133 mente
430 2097 657 2143 escusato,
681 2104 761 2146 per
783 2105 875 2134 non
897 2105 950 2134 so
973 2092 1059 2134 che
1080 2090 1299 2134 difficulta
1331 2098 1376 2135 et
1405 2090 1703 2147 occupatione
1725 2090 1772 2135 in
1793 2090 1894 2134 altri

257 2165 430 2222 negotii
447 2165 492 2208 di
509 2167 683 2222 grande
699 2166 991 2223 importanza.
1014 2167 1173 2224 Hoggi
1191 2181 1240 2210 se
1258 2175 1384 2224 parte
1407 2167 1436 2209 il
1460 2182 1524 2220 re,
1550 2174 1595 2210 et
1616 2182 1688 2210 me
1709 2169 1767 2211 ha
1788 2169 1894 2211 dato

255 2241 413 2286 ordine
434 2242 465 2284 il
493 2242 863 2287 vicecancelliero
891 2245 991 2296 che,
1018 2244 1055 2287 si
1084 2244 1234 2300 quella
1256 2245 1415 2287 lettera
1435 2244 1491 2287 de
1513 2243 1716 2287 dotation
1737 2258 1827 2287 non
1850 2243 1891 2287 ci

255 2320 357 2362 sera
378 2319 484 2362 data
504 2320 562 2363 ad
578 2334 739 2363 manus
766 2321 822 2362 de
844 2319 921 2375 qui
944 2335 970 2363 a
998 2335 1026 2378 9
1055 2320 1225 2377 giomi,
1252 2322 1336 2364 che
1356 2320 1388 2363 li
1410 2319 1649 2363 scriuiamo
1671 2335 1697 2363 a
1719 2322 1886 2377 Praga,

255 2401 366 2449 etc.,
391 2402 437 2439 et
459 2395 520 2438 mi
542 2396 663 2440 disse
689 2397 774 2439 che
802 2396 923 2439 omni
951 2396 1138 2453 angaria
1164 2398 1174 2418 ¹
1199 2396 1466 2452 recipiemus
1489 2396 1598 2440 istos
1618 2403 1885 2453 prouentus,

255 2470 302 2514 in
324 2471 494 2527 optimo
516 2473 619 2515 loco
641 2472 912 2529 assignatos.
938 2472 1007 2518 Sit
1028 2474 1155 2516 Deus
1176 2472 1444 2516 benedictus
1473 2472 1519 2515 in
1546 2474 1736 2517 saecula.

343 2549 391 2591 Io
412 2548 563 2592 scrissi
585 2549 732 2592 l'altra
752 2550 875 2592 volta
897 2564 923 2593 a
945 2550 1003 2594 V.
1029 2551 1084 2593 R.
1115 2563 1244 2592 come
1265 2563 1345 2605 per
1367 2550 1408 2592 la
1429 2548 1645 2592 instantia
1666 2550 1740 2594 del
1760 2550 1887 2594 detto

251 2624 749 2683 vicecancelieroJona‚
770 2625 914 2669 amico
931 2634 1086 2669 nostro
1100 2633 1145 2670 et
1162 2632 1352 2682 patrono
1367 2625 1616 2682 singulare,
1633 2627 1889 2670 haueuamo

249 2700 506 2745 consentito
528 2703 584 2745 de
606 2701 808 2747 riceuere
825 2702 900 2746 doi
917 2704 974 2746 de
991 2701 1058 2745 soi
1075 2701 1250 2759 figlioli,
1271 2702 1316 2745 di
1338 2704 1411 2745 eta
1433 2703 1491 2747 de
1513 2702 1629 2747 dieci
1647 2717 1673 2746 a
1696 2715 1746 2746 12
1764 2701 1886 2755 anni,

320 2853 333 2874 ¹
383 2853 564 2890 Canisius
583 2855 653 2891 sic:
675 2855 888 2902 «Singulis,
907 2861 950 2892 ut
968 2860 1125 2902 vocant,
1144 2855 1328 2902 angarijs,
1347 2855 1553 2903 pecuniam
1572 2867 1642 2902 per
1664 2860 1794 2903 partes
1818 2866 1885 2891 no-

250 2911 310 2947 bis
324 2924 412 2948 esse
427 2914 959 2960 suppeditandam.»—Porr0
974 2914 1201 2962 «angariae»
1217 2915 1434 2961 (Cinerum,
1445 2915 1717 2962 Pentecostes‚
1733 2914 1885 2957 Crucis,

248 2976 335 3018 post
353 2971 512 3018 Luciae)
531 2975 781 3018 vocabantur,
803 2986 902 3021 quae
917 2985 986 3010 nos
1001 2973 1166 3010 dicimus
1181 2979 1363 3021 quattuor
1381 2980 1592 3021 tempora».
1612 2975 1886 3010 BRAUNSBER-

245 3038 344 3072 GER,
365 3030 392 3066 l.
412 3043 459 3073 c.,
479 3044 572 3079 pag.
596 3033 680 3080 484,
699 3039 831 3069 annot.
850 3043 890 3078 4.
