<?xml version="1.0" encoding="UTF-8"?>
<!DOCTYPE html PUBLIC "-//W3C//DTD XHTML 1.0 Transitional//EN"
    "http://www.w3.org/TR/xhtml1/DTD/xhtml1-transitional.dtd">
<html xmlns="http://www.w3.org/1999/xhtml" xml:lang="en" lang="en">
 <head>
  <title>
</title>
<meta http-equiv="Content-Type" content="text/html;charset=utf-8" />
  <meta name='ocr-system' content='tesseract 3.04.00' />
  <meta name='ocr-capabilities' content='ocr_page ocr_carea ocr_par ocr_line ocrx_word'/>
</head>
<body>
  <div class='ocr_page' id='page_1' title='image "./epistolaemixtaee04matruoft_0751.png"; bbox 0 0 2060 3432; ppageno 0'>
   <div class='ocr_carea' id='block_1_1' title="bbox 612 242 1758 291">
    <p class='ocr_par' dir='ltr' id='par_1_1' title="bbox 612 242 1758 291">
     <span class='ocr_line' id='line_1_1' title="bbox 612 242 1758 291; baseline 0.002 -12"><span class='ocrx_word' id='word_1_1' title='bbox 612 242 834 281; x_wconf 76' lang='lat' dir='ltr'><strong>APPENDIX</strong></span> <span class='ocrx_word' id='word_1_2' title='bbox 859 251 917 280; x_wconf 74' lang='lat' dir='ltr'><strong>An</strong></span> <span class='ocrx_word' id='word_1_3' title='bbox 942 251 1079 280; x_wconf 71' lang='lat' dir='ltr'><strong>EP1s‘r.</strong></span> <span class='ocrx_word' id='word_1_4' title='bbox 1108 251 1375 283; x_wconf 72' lang='lat' dir='ltr'><strong>supssmomm</strong></span> <span class='ocrx_word' id='word_1_5' title='bbox 1687 252 1758 291; x_wconf 85' lang='lat'><strong>745</strong></span> 
     </span>
    </p>
   </div>
   <div class='ocr_carea' id='block_1_2' title="bbox 172 344 1806 944">
    <p class='ocr_par' dir='ltr' id='par_1_2' title="bbox 172 344 1806 944">
     <span class='ocr_line' id='line_1_2' title="bbox 176 344 1806 404; baseline 0.002 -16"><span class='ocrx_word' id='word_1_6' title='bbox 176 359 229 388; x_wconf 91' lang='lat' dir='ltr'><strong>os</strong></span> <span class='ocrx_word' id='word_1_7' title='bbox 245 347 426 398; x_wconf 88' lang='lat' dir='ltr'><strong>envian,</strong></span> <span class='ocrx_word' id='word_1_8' title='bbox 457 345 501 387; x_wconf 91' lang='lat' dir='ltr'><strong>al</strong></span> <span class='ocrx_word' id='word_1_9' title='bbox 528 344 663 388; x_wconf 90' lang='lat' dir='ltr'><strong>dicho</strong></span> <span class='ocrx_word' id='word_1_10' title='bbox 693 345 826 399; x_wconf 88' lang='lat' dir='ltr'><strong>abad,</strong></span> <span class='ocrx_word' id='word_1_11' title='bbox 851 360 942 402; x_wconf 89' lang='lat' dir='ltr'><strong>que</strong></span> <span class='ocrx_word' id='word_1_12' title='bbox 971 361 1022 391; x_wconf 89' lang='lat' dir='ltr'><strong>es</strong></span> <span class='ocrx_word' id='word_1_13' title='bbox 1050 347 1108 391; x_wconf 88' lang='lat' dir='ltr'><strong>de</strong></span> <span class='ocrx_word' id='word_1_14' title='bbox 1137 346 1460 399; x_wconf 88' lang='lat' dir='ltr'><strong>llamamiento‚</strong></span> <span class='ocrx_word' id='word_1_15' title='bbox 1486 346 1700 390; x_wconf 91' lang='lat' dir='ltr'><strong>tornando</strong></span> <span class='ocrx_word' id='word_1_16' title='bbox 1722 361 1806 404; x_wconf 90' lang='lat' dir='ltr'><strong>por</strong></span> 
     </span>
     <span class='ocr_line' id='line_1_3' title="bbox 174 422 1805 481; baseline 0.003 -16"><span class='ocrx_word' id='word_1_17' title='bbox 174 428 286 465; x_wconf 90' lang='lat' dir='ltr'><strong>auto</strong></span> <span class='ocrx_word' id='word_1_18' title='bbox 307 422 351 465; x_wconf 92' lang='grc'><strong>13</strong></span> <span class='ocrx_word' id='word_1_19' title='bbox 371 422 685 479; x_wconf 78' lang='lat' dir='ltr'><strong>presentacion</strong></span> <span class='ocrx_word' id='word_1_20' title='bbox 712 424 769 467; x_wconf 92' lang='lat' dir='ltr'><strong>de</strong></span> <span class='ocrx_word' id='word_1_21' title='bbox 796 424 882 468; x_wconf 87' lang='lat' dir='ltr'><strong>ella</strong></span> <span class='ocrx_word' id='word_1_22' title='bbox 908 438 991 481; x_wconf 90' lang='lat' dir='ltr'><strong>por</strong></span> <span class='ocrx_word' id='word_1_23' title='bbox 1017 431 1123 468; x_wconf 87' lang='lat' dir='ltr'><strong>ante</strong></span> <span class='ocrx_word' id='word_1_24' title='bbox 1149 423 1385 468; x_wconf 89' lang='lat' dir='ltr'><strong>escribano</strong></span> <span class='ocrx_word' id='word_1_25' title='bbox 1411 438 1442 480; x_wconf 89' lang='lat' dir='ltr'><strong>y</strong></span> <span class='ocrx_word' id='word_1_26' title='bbox 1463 423 1672 481; x_wconf 88' lang='lat' dir='ltr'><strong>testigos,</strong></span> <span class='ocrx_word' id='word_1_27' title='bbox 1695 439 1726 481; x_wconf 91' lang='lat' dir='ltr'><strong>y</strong></span> <span class='ocrx_word' id='word_1_28' title='bbox 1746 424 1805 470; x_wconf 91' lang='lat' dir='ltr'><strong>de</strong></span> 
     </span>
     <span class='ocr_line' id='line_1_4' title="bbox 176 498 1805 558; baseline 0.002 -16"><span class='ocrx_word' id='word_1_29' title='bbox 176 499 219 542; x_wconf 91' lang='grc'><strong>13</strong></span> <span class='ocrx_word' id='word_1_30' title='bbox 239 498 399 542; x_wconf 91' lang='lat' dir='ltr'><strong>misma</strong></span> <span class='ocrx_word' id='word_1_31' title='bbox 419 514 602 544; x_wconf 88' lang='lat' dir='ltr'><strong>manera</strong></span> <span class='ocrx_word' id='word_1_32' title='bbox 622 501 688 544; x_wconf 93' lang='grc'><strong>133</strong></span> <span class='ocrx_word' id='word_1_33' title='bbox 711 508 833 544; x_wconf 89' lang='lat' dir='ltr'><strong>otras</strong></span> <span class='ocrx_word' id='word_1_34' title='bbox 849 515 938 557; x_wconf 87' lang='lat' dir='ltr'><strong>que</strong></span> <span class='ocrx_word' id='word_1_35' title='bbox 953 516 1041 545; x_wconf 88' lang='lat' dir='ltr'><strong>van</strong></span> <span class='ocrx_word' id='word_1_36' title='bbox 1058 516 1145 545; x_wconf 92' lang='grc'><strong>000</strong></span> <span class='ocrx_word' id='word_1_37' title='bbox 1161 508 1259 546; x_wconf 90' lang='grc'><strong>6313</strong></span> <span class='ocrx_word' id='word_1_38' title='bbox 1275 502 1316 545; x_wconf 89' lang='grc'><strong>31</strong></span> <span class='ocrx_word' id='word_1_39' title='bbox 1332 500 1493 545; x_wconf 90' lang='grc'><strong>1013100</strong></span> <span class='ocrx_word' id='word_1_40' title='bbox 1509 501 1674 554; x_wconf 83' lang='lat' dir='ltr'>efecto,</span> <span class='ocrx_word' id='word_1_41' title='bbox 1695 516 1805 558; x_wconf 90' lang='lat' dir='ltr'><strong>para</strong></span> 
     </span>
     <span class='ocr_line' id='line_1_5' title="bbox 174 576 1803 635; baseline 0.002 -17"><span class='ocrx_word' id='word_1_42' title='bbox 174 576 244 620; x_wconf 89' lang='lat' dir='ltr'><strong>los</strong></span> <span class='ocrx_word' id='word_1_43' title='bbox 266 583 465 620; x_wconf 91' lang='lat' dir='ltr'><strong>rectores</strong></span> <span class='ocrx_word' id='word_1_44' title='bbox 491 578 549 620; x_wconf 87' lang='lat' dir='ltr'><strong>de</strong></span> <span class='ocrx_word' id='word_1_45' title='bbox 575 591 654 621; x_wconf 90' lang='lat' dir='ltr'><strong>san</strong></span> <span class='ocrx_word' id='word_1_46' title='bbox 684 577 874 634; x_wconf 88' lang='lat' dir='ltr'><strong>Miguel,</strong></span> <span class='ocrx_word' id='word_1_47' title='bbox 903 593 934 635; x_wconf 89' lang='lat' dir='ltr'><strong>y</strong></span> <span class='ocrx_word' id='word_1_48' title='bbox 959 577 1129 622; x_wconf 91' lang='lat' dir='ltr'><strong>vicario</strong></span> <span class='ocrx_word' id='word_1_49' title='bbox 1159 579 1216 622; x_wconf 86' lang='lat' dir='ltr'><strong>de</strong></span> <span class='ocrx_word' id='word_1_50' title='bbox 1243 579 1287 622; x_wconf 91' lang='lat' dir='ltr'><strong>la</strong></span> <span class='ocrx_word' id='word_1_51' title='bbox 1316 578 1604 635; x_wconf 88' lang='lat' dir='ltr'><strong>Magdalena,</strong></span> <span class='ocrx_word' id='word_1_52' title='bbox 1630 594 1660 635; x_wconf 91' lang='lat' dir='ltr'><strong>y</strong></span> <span class='ocrx_word' id='word_1_53' title='bbox 1680 578 1803 635; x_wconf 88' lang='lat' dir='ltr'><strong>prior</strong></span> 
     </span>
     <span class='ocr_line' id='line_1_6' title="bbox 175 652 1803 713; baseline 0 -16"><span class='ocrx_word' id='word_1_54' title='bbox 175 652 234 697; x_wconf 88' lang='lat' dir='ltr'><strong>de</strong></span> <span class='ocrx_word' id='word_1_55' title='bbox 255 669 337 698; x_wconf 88' lang='lat' dir='ltr'><strong>san</strong></span> <span class='ocrx_word' id='word_1_56' title='bbox 358 655 576 711; x_wconf 82' lang='lat' dir='ltr'><strong>Agustin,</strong></span> <span class='ocrx_word' id='word_1_57' title='bbox 601 670 631 711; x_wconf 90' lang='lat' dir='ltr'><strong>y</strong></span> <span class='ocrx_word' id='word_1_58' title='bbox 652 655 874 712; x_wconf 77' lang='lat' dir='ltr'><strong>guardian</strong></span> <span class='ocrx_word' id='word_1_59' title='bbox 894 656 952 700; x_wconf 88' lang='lat' dir='ltr'><strong>de</strong></span> <span class='ocrx_word' id='word_1_60' title='bbox 972 670 1053 700; x_wconf 89' lang='lat' dir='ltr'><strong>san</strong></span> <span class='ocrx_word' id='word_1_61' title='bbox 1081 657 1117 699; x_wconf 95' lang='lat' dir='ltr'>F</span> <span class='ocrx_word' id='word_1_62' title='bbox 1119 655 1339 709; x_wconf 86' lang='lat' dir='ltr'><strong>raneisco,</strong></span> <span class='ocrx_word' id='word_1_63' title='bbox 1362 670 1393 713; x_wconf 91' lang='lat' dir='ltr'><strong>y</strong></span> <span class='ocrx_word' id='word_1_64' title='bbox 1414 654 1544 712; x_wconf 91' lang='lat' dir='ltr'><strong>copia</strong></span> <span class='ocrx_word' id='word_1_65' title='bbox 1565 656 1622 700; x_wconf 91' lang='lat' dir='ltr'><strong>de</strong></span> <span class='ocrx_word' id='word_1_66' title='bbox 1643 656 1711 698; x_wconf 97' lang='grc'><strong>103</strong></span> <span class='ocrx_word' id='word_1_67' title='bbox 1733 655 1803 698; x_wconf 89' lang='grc'><strong>(11-</strong></span> 
     </span>
     <span class='ocr_line' id='line_1_7' title="bbox 175 732 1804 790; baseline 0.002 -16"><span class='ocrx_word' id='word_1_68' title='bbox 175 732 286 774; x_wconf 85' lang='grc'><strong>01103</strong></span> <span class='ocrx_word' id='word_1_69' title='bbox 307 739 439 775; x_wconf 78' lang='grc'><strong>30103</strong></span> <span class='ocrx_word' id='word_1_70' title='bbox 460 747 518 776; x_wconf 89' lang='lat' dir='ltr'><strong>en</strong></span> <span class='ocrx_word' id='word_1_71' title='bbox 539 732 719 789; x_wconf 80' lang='lat' dir='ltr'><strong>p1&#39;1bliea</strong></span> <span class='ocrx_word' id='word_1_72' title='bbox 741 734 884 776; x_wconf 85' lang='lat' dir='ltr'><strong>forma</strong></span> <span class='ocrx_word' id='word_1_73' title='bbox 906 734 935 776; x_wconf 91' lang='lat'><strong>¹.</strong></span> <span class='ocrx_word' id='word_1_74' title='bbox 962 734 1053 777; x_wconf 91' lang='lat' dir='ltr'><strong>Por</strong></span> <span class='ocrx_word' id='word_1_75' title='bbox 1072 740 1194 777; x_wconf 91' lang='grc'><strong>63103</strong></span> <span class='ocrx_word' id='word_1_76' title='bbox 1215 748 1298 777; x_wconf 89' lang='grc'><strong>003</strong></span> <span class='ocrx_word' id='word_1_77' title='bbox 1319 733 1559 786; x_wconf 81' lang='lat' dir='ltr'><strong>enviareis,</strong></span> <span class='ocrx_word' id='word_1_78' title='bbox 1584 748 1693 790; x_wconf 89' lang='lat' dir='ltr'><strong>para</strong></span> <span class='ocrx_word' id='word_1_79' title='bbox 1714 747 1804 789; x_wconf 93' lang='lat' dir='ltr'><strong>que</strong></span> 
     </span>
     <span class='ocr_line' id='line_1_8' title="bbox 173 809 1803 867; baseline 0.002 -17"><span class='ocrx_word' id='word_1_80' title='bbox 173 809 438 853; x_wconf 88' lang='lat' dir='ltr'><strong>mandemos</strong></span> <span class='ocrx_word' id='word_1_81' title='bbox 459 823 648 865; x_wconf 89' lang='lat' dir='ltr'><strong>proveer</strong></span> <span class='ocrx_word' id='word_1_82' title='bbox 668 810 714 853; x_wconf 96' lang='grc'><strong>10</strong></span> <span class='ocrx_word' id='word_1_83' title='bbox 736 824 825 866; x_wconf 91' lang='grc'><strong>006</strong></span> <span class='ocrx_word' id='word_1_84' title='bbox 847 825 905 854; x_wconf 90' lang='grc'><strong>60</strong></span> <span class='ocrx_word' id='word_1_85' title='bbox 925 817 1023 854; x_wconf 91' lang='grc'><strong>6310</strong></span> <span class='ocrx_word' id='word_1_86' title='bbox 1044 825 1093 854; x_wconf 90' lang='grc'><strong>36</strong></span> <span class='ocrx_word' id='word_1_87' title='bbox 1113 810 1282 854; x_wconf 77' lang='grc'><strong>11101616</strong></span> <span class='ocrx_word' id='word_1_88' title='bbox 1303 826 1332 867; x_wconf 93' lang='lat' dir='ltr'><strong>y</strong></span> <span class='ocrx_word' id='word_1_89' title='bbox 1355 817 1538 864; x_wconf 86' lang='lat' dir='ltr'><strong>tratare,</strong></span> <span class='ocrx_word' id='word_1_90' title='bbox 1563 826 1594 867; x_wconf 91' lang='lat' dir='ltr'><strong>y</strong></span> <span class='ocrx_word' id='word_1_91' title='bbox 1614 825 1698 854; x_wconf 91' lang='lat' dir='ltr'><strong>nos</strong></span> <span class='ocrx_word' id='word_1_92' title='bbox 1719 811 1803 854; x_wconf 89' lang='lat' dir='ltr'><strong>da-</strong></span> 
     </span>
     <span class='ocr_line' id='line_1_9' title="bbox 172 884 1384 944; baseline 0.003 -17"><span class='ocrx_word' id='word_1_93' title='bbox 172 884 263 928; x_wconf 78' lang='grc'><strong>1613</strong></span> <span class='ocrx_word' id='word_1_94' title='bbox 282 885 526 942; x_wconf 86' lang='lat' dir='ltr'>particular</span> <span class='ocrx_word' id='word_1_95' title='bbox 547 886 671 930; x_wconf 89' lang='lat' dir='ltr'><strong>aviso</strong></span> <span class='ocrx_word' id='word_1_96' title='bbox 692 901 774 944; x_wconf 91' lang='lat' dir='ltr'><strong>por</strong></span> <span class='ocrx_word' id='word_1_97' title='bbox 794 894 918 930; x_wconf 90' lang='lat' dir='ltr'><strong>carta</strong></span> <span class='ocrx_word' id='word_1_98' title='bbox 938 894 1135 931; x_wconf 89' lang='lat' dir='ltr'><strong>vuestra.</strong></span> <span class='ocrx_word' id='word_1_99' title='bbox 1156 889 1276 941; x_wconf 88' lang='lat' dir='ltr'><strong>Dat.,</strong></span> <span class='ocrx_word' id='word_1_100' title='bbox 1296 894 1384 933; x_wconf 89' lang='lat' dir='ltr'><strong>etc.</strong></span> 
     </span>
    </p>
   </div>
   <div class='ocr_carea' id='block_1_3' title="bbox 492 1140 1475 1286">
    <p class='ocr_par' dir='ltr' id='par_1_3' title="bbox 492 1140 1475 1286">
     <span class='ocr_line' id='line_1_10' title="bbox 926 1140 1057 1180; baseline 0 0"><span class='ocrx_word' id='word_1_101' title='bbox 926 1140 1057 1180; x_wconf 69' lang='lat'><strong>996</strong></span> 
     </span>
     <span class='ocr_line' id='line_1_11' title="bbox 492 1246 1475 1286; baseline 0.001 -4"><span class='ocrx_word' id='word_1_102' title='bbox 492 1246 759 1282; x_wconf 87' lang='lat' dir='ltr'><strong>APPENDIX</strong></span> <span class='ocrx_word' id='word_1_103' title='bbox 786 1246 859 1283; x_wconf 92' lang='lat' dir='ltr'><strong>AD</strong></span> <span class='ocrx_word' id='word_1_104' title='bbox 885 1247 1052 1284; x_wconf 87' lang='lat' dir='ltr'><strong>EPIST.</strong></span> <span class='ocrx_word' id='word_1_105' title='bbox 1083 1247 1419 1286; x_wconf 89' lang='lat' dir='ltr'><strong>SUPERIOREM</strong></span> <span class='ocrx_word' id='word_1_106' title='bbox 1443 1250 1475 1283; x_wconf 79' lang='lat'><strong>².</strong></span> 
     </span>
    </p>
   </div>
   <div class='ocr_carea' id='block_1_4' title="bbox 165 1348 1804 2099">
    <p class='ocr_par' dir='ltr' id='par_1_4' title="bbox 165 1348 1804 2099">
     <span class='ocr_line' id='line_1_12' title="bbox 265 1348 1804 1406; baseline 0.001 -15"><span class='ocrx_word' id='word_1_107' title='bbox 265 1348 543 1391; x_wconf 90' lang='lat' dir='ltr'><strong>Consultado</strong></span> <span class='ocrx_word' id='word_1_108' title='bbox 563 1348 738 1391; x_wconf 94' lang='grc'><strong>000103</strong></span> <span class='ocrx_word' id='word_1_109' title='bbox 759 1348 830 1392; x_wconf 83' lang='lat' dir='ltr'><strong>del</strong></span> <span class='ocrx_word' id='word_1_110' title='bbox 852 1349 1036 1405; x_wconf 88' lang='lat' dir='ltr'><strong>consejo</strong></span> <span class='ocrx_word' id='word_1_111' title='bbox 1065 1362 1278 1405; x_wconf 88' lang='lat' dir='ltr'><strong>supremo</strong></span> <span class='ocrx_word' id='word_1_112' title='bbox 1305 1349 1363 1394; x_wconf 90' lang='lat' dir='ltr'><strong>de</strong></span> <span class='ocrx_word' id='word_1_113' title='bbox 1394 1350 1607 1406; x_wconf 80' lang='lat' dir='ltr'><strong>Arag6n,</strong></span> <span class='ocrx_word' id='word_1_114' title='bbox 1638 1350 1804 1393; x_wconf 78' lang='lat' dir='ltr'><strong>mando</strong></span> 
     </span>
     <span class='ocr_line' id='line_1_13' title="bbox 172 1425 1803 1481; baseline 0.001 -12"><span class='ocrx_word' id='word_1_115' title='bbox 172 1439 281 1481; x_wconf 87' lang='lat' dir='ltr'><strong>ayer</strong></span> <span class='ocrx_word' id='word_1_116' title='bbox 303 1426 350 1469; x_wconf 90' lang='lat' dir='ltr'><strong>S.</strong></span> <span class='ocrx_word' id='word_1_117' title='bbox 375 1425 434 1468; x_wconf 92' lang='lat' dir='ltr'><strong>A.</strong></span> <span class='ocrx_word' id='word_1_118' title='bbox 459 1425 707 1481; x_wconf 87' lang='lat' dir='ltr'><strong>despachar</strong></span> <span class='ocrx_word' id='word_1_119' title='bbox 727 1440 805 1469; x_wconf 87' lang='lat' dir='ltr'><strong>sus</strong></span> <span class='ocrx_word' id='word_1_120' title='bbox 827 1433 975 1469; x_wconf 89' lang='lat' dir='ltr'><strong>cartas</strong></span> <span class='ocrx_word' id='word_1_121' title='bbox 1001 1426 1231 1470; x_wconf 86' lang='lat' dir='ltr'><strong>remitidas</strong></span> <span class='ocrx_word' id='word_1_122' title='bbox 1260 1430 1286 1470; x_wconf 76' lang='grc'><strong>3</strong></span> <span class='ocrx_word' id='word_1_123' title='bbox 1307 1426 1446 1470; x_wconf 85' lang='grc'><strong>101061·</strong></span> <span class='ocrx_word' id='word_1_124' title='bbox 1474 1427 1720 1480; x_wconf 85' lang='lat' dir='ltr'><strong>Camach0‚</strong></span> <span class='ocrx_word' id='word_1_125' title='bbox 1746 1427 1803 1471; x_wconf 92' lang='lat' dir='ltr'><strong>de</strong></span> 
     </span>
     <span class='ocr_line' id='line_1_14' title="bbox 171 1501 1803 1560; baseline 0.001 -15"><span class='ocrx_word' id='word_1_126' title='bbox 171 1501 305 1545; x_wconf 83' lang='lat' dir='ltr'><strong>dicho</strong></span> <span class='ocrx_word' id='word_1_127' title='bbox 326 1502 526 1558; x_wconf 87' lang='lat' dir='ltr'><strong>consejo,</strong></span> <span class='ocrx_word' id='word_1_128' title='bbox 551 1516 640 1558; x_wconf 88' lang='lat' dir='ltr'><strong>que</strong></span> <span class='ocrx_word' id='word_1_129' title='bbox 660 1507 757 1546; x_wconf 78' lang='lat' dir='ltr'><strong>esta</strong></span> <span class='ocrx_word' id='word_1_130' title='bbox 779 1503 820 1546; x_wconf 92' lang='grc'><strong>31</strong></span> <span class='ocrx_word' id='word_1_131' title='bbox 842 1510 1053 1560; x_wconf 83' lang='lat' dir='ltr'><strong>presente</strong></span> <span class='ocrx_word' id='word_1_132' title='bbox 1073 1518 1130 1547; x_wconf 90' lang='grc'><strong>60</strong></span> <span class='ocrx_word' id='word_1_133' title='bbox 1151 1504 1195 1547; x_wconf 87' lang='grc'><strong>13</strong></span> <span class='ocrx_word' id='word_1_134' title='bbox 1216 1503 1381 1546; x_wconf 90' lang='grc'><strong>010(13(1</strong></span> <span class='ocrx_word' id='word_1_135' title='bbox 1397 1504 1454 1547; x_wconf 89' lang='grc'><strong>(16</strong></span> <span class='ocrx_word' id='word_1_136' title='bbox 1475 1505 1725 1560; x_wconf 86' lang='lat' dir='ltr'><strong>Zaragoza,</strong></span> <span class='ocrx_word' id='word_1_137' title='bbox 1746 1519 1803 1547; x_wconf 90' lang='grc'><strong>60</strong></span> 
     </span>
     <span class='ocr_line' id='line_1_15' title="bbox 170 1579 1803 1638; baseline 0.002 -17"><span class='ocrx_word' id='word_1_138' title='bbox 170 1593 261 1635; x_wconf 89' lang='grc'><strong>006</strong></span> <span class='ocrx_word' id='word_1_139' title='bbox 281 1579 444 1622; x_wconf 89' lang='lat' dir='ltr'><strong>manda</strong></span> <span class='ocrx_word' id='word_1_140' title='bbox 472 1593 562 1635; x_wconf 90' lang='grc'><strong>006</strong></span> <span class='ocrx_word' id='word_1_141' title='bbox 587 1579 749 1623; x_wconf 92' lang='lat' dir='ltr'><strong>dentro</strong></span> <span class='ocrx_word' id='word_1_142' title='bbox 777 1581 833 1623; x_wconf 91' lang='lat' dir='ltr'><strong>de</strong></span> <span class='ocrx_word' id='word_1_143' title='bbox 864 1587 955 1623; x_wconf 91' lang='lat' dir='ltr'><strong>tres</strong></span> <span class='ocrx_word' id='word_1_144' title='bbox 983 1581 1080 1625; x_wconf 86' lang='lat' dir='ltr'><strong>dias</strong></span> <span class='ocrx_word' id='word_1_145' title='bbox 1108 1580 1372 1636; x_wconf 89' lang='lat' dir='ltr'><strong>repusiesen</strong></span> <span class='ocrx_word' id='word_1_146' title='bbox 1401 1581 1508 1623; x_wconf 93' lang='lat' dir='ltr'><strong>todo</strong></span> <span class='ocrx_word' id='word_1_147' title='bbox 1538 1581 1583 1623; x_wconf 96' lang='grc'><strong>10</strong></span> <span class='ocrx_word' id='word_1_148' title='bbox 1611 1595 1699 1637; x_wconf 91' lang='grc'><strong>006</strong></span> <span class='ocrx_word' id='word_1_149' title='bbox 1721 1595 1803 1638; x_wconf 95' lang='lat' dir='ltr'><strong>por</strong></span> 
     </span>
     <span class='ocr_line' id='line_1_16' title="bbox 167 1644 1800 1714; baseline 0.002 -16"><span class='ocrx_word' id='word_1_150' title='bbox 167 1662 293 1712; x_wconf 87' lang='lat' dir='ltr'><strong>parte</strong></span> <span class='ocrx_word' id='word_1_151' title='bbox 314 1656 387 1699; x_wconf 87' lang='grc'><strong>(161</strong></span> <span class='ocrx_word' id='word_1_152' title='bbox 407 1655 576 1699; x_wconf 88' lang='lat' dir='ltr'><strong>vicario</strong></span> <span class='ocrx_word' id='word_1_153' title='bbox 597 1657 783 1713; x_wconf 84' lang='lat' dir='ltr'><strong>general</strong></span> <span class='ocrx_word' id='word_1_154' title='bbox 803 1671 832 1713; x_wconf 91' lang='lat' dir='ltr'><strong>y</strong></span> <span class='ocrx_word' id='word_1_155' title='bbox 850 1644 1091 1702; x_wconf 68' lang='grc'><strong>0110131661</strong></span> <span class='ocrx_word' id='word_1_156' title='bbox 1113 1657 1352 1713; x_wconf 88' lang='lat' dir='ltr'><strong>arzobispo</strong></span> <span class='ocrx_word' id='word_1_157' title='bbox 1369 1672 1399 1714; x_wconf 92' lang='lat' dir='ltr'><strong>y</strong></span> <span class='ocrx_word' id='word_1_158' title='bbox 1415 1657 1488 1701; x_wconf 93' lang='grc'><strong>(161</strong></span> <span class='ocrx_word' id='word_1_159' title='bbox 1504 1657 1726 1714; x_wconf 78' lang='lat' dir='ltr'><strong>guardian</strong></span> <span class='ocrx_word' id='word_1_160' title='bbox 1742 1658 1800 1701; x_wconf 88' lang='lat' dir='ltr'><strong>de</strong></span> 
     </span>
     <span class='ocr_line' id='line_1_17' title="bbox 165 1733 1802 1791; baseline 0.002 -16"><span class='ocrx_word' id='word_1_161' title='bbox 165 1746 249 1776; x_wconf 87' lang='grc'><strong>330</strong></span> <span class='ocrx_word' id='word_1_162' title='bbox 285 1735 321 1776; x_wconf 94' lang='lat' dir='ltr'><strong>F</strong></span> <span class='ocrx_word' id='word_1_163' title='bbox 323 1733 548 1786; x_wconf 86' lang='lat' dir='ltr'><strong>rancisco,</strong></span> <span class='ocrx_word' id='word_1_164' title='bbox 588 1748 720 1777; x_wconf 88' lang='lat' dir='ltr'><strong>como</strong></span> <span class='ocrx_word' id='word_1_165' title='bbox 757 1736 1062 1779; x_wconf 85' lang='lat' dir='ltr'><strong>conservador</strong></span> <span class='ocrx_word' id='word_1_166' title='bbox 1096 1735 1171 1779; x_wconf 92' lang='lat' dir='ltr'><strong>del</strong></span> <span class='ocrx_word' id='word_1_167' title='bbox 1206 1733 1331 1791; x_wconf 90' lang='lat' dir='ltr'><strong>prior</strong></span> <span class='ocrx_word' id='word_1_168' title='bbox 1373 1750 1403 1791; x_wconf 93' lang='lat' dir='ltr'><strong>y</strong></span> <span class='ocrx_word' id='word_1_169' title='bbox 1440 1734 1591 1778; x_wconf 89' lang='lat' dir='ltr'><strong>frailes</strong></span> <span class='ocrx_word' id='word_1_170' title='bbox 1627 1735 1684 1778; x_wconf 90' lang='lat' dir='ltr'><strong>de</strong></span> <span class='ocrx_word' id='word_1_171' title='bbox 1720 1749 1802 1778; x_wconf 89' lang='lat' dir='ltr'><strong>san</strong></span> 
     </span>
     <span class='ocr_line' id='line_1_18' title="bbox 166 1810 1802 1869; baseline 0.001 -16"><span class='ocrx_word' id='word_1_172' title='bbox 166 1810 385 1866; x_wconf 84' lang='lat' dir='ltr'><strong>Agustin,</strong></span> <span class='ocrx_word' id='word_1_173' title='bbox 410 1812 500 1854; x_wconf 87' lang='lat' dir='ltr'><strong>han</strong></span> <span class='ocrx_word' id='word_1_174' title='bbox 522 1812 669 1856; x_wconf 91' lang='lat' dir='ltr'><strong>hecho</strong></span> <span class='ocrx_word' id='word_1_175' title='bbox 689 1826 720 1867; x_wconf 94' lang='lat' dir='ltr'><strong>y</strong></span> <span class='ocrx_word' id='word_1_176' title='bbox 739 1811 982 1868; x_wconf 87' lang='lat' dir='ltr'><strong>procedido</strong></span> <span class='ocrx_word' id='word_1_177' title='bbox 1003 1818 1162 1854; x_wconf 89' lang='lat' dir='ltr'><strong>contra</strong></span> <span class='ocrx_word' id='word_1_178' title='bbox 1183 1812 1251 1855; x_wconf 91' lang='grc'><strong>103</strong></span> <span class='ocrx_word' id='word_1_179' title='bbox 1269 1811 1507 1869; x_wconf 89' lang='lat' dir='ltr'><strong>religiosos</strong></span> <span class='ocrx_word' id='word_1_180' title='bbox 1524 1812 1582 1856; x_wconf 87' lang='lat' dir='ltr'><strong>de</strong></span> <span class='ocrx_word' id='word_1_181' title='bbox 1602 1812 1646 1855; x_wconf 92' lang='grc'><strong>13</strong></span> <span class='ocrx_word' id='word_1_182' title='bbox 1662 1813 1802 1855; x_wconf 88' lang='lat' dir='ltr'><strong>Com-</strong></span> 
     </span>
     <span class='ocr_line' id='line_1_19' title="bbox 166 1888 1803 1946; baseline 0.002 -16"><span class='ocrx_word' id='word_1_183' title='bbox 166 1890 302 1944; x_wconf 68' lang='grc'><strong>113013</strong></span> <span class='ocrx_word' id='word_1_184' title='bbox 322 1888 379 1931; x_wconf 91' lang='grc'><strong>(16</strong></span> <span class='ocrx_word' id='word_1_185' title='bbox 394 1889 544 1946; x_wconf 77' lang='lat' dir='ltr'><strong>Jesus3</strong></span> <span class='ocrx_word' id='word_1_186' title='bbox 568 1903 598 1945; x_wconf 92' lang='lat' dir='ltr'><strong>y</strong></span> <span class='ocrx_word' id='word_1_187' title='bbox 620 1895 774 1933; x_wconf 88' lang='lat' dir='ltr'><strong>atento</strong></span> <span class='ocrx_word' id='word_1_188' title='bbox 797 1903 886 1944; x_wconf 89' lang='grc'><strong>006</strong></span> <span class='ocrx_word' id='word_1_189' title='bbox 906 1890 1072 1932; x_wconf 87' lang='lat' dir='ltr'><strong>habian</strong></span> <span class='ocrx_word' id='word_1_190' title='bbox 1101 1889 1346 1946; x_wconf 88' lang='lat' dir='ltr'><strong>procedido</strong></span> <span class='ocrx_word' id='word_1_191' title='bbox 1372 1888 1803 1946; x_wconf 88' lang='lat' dir='ltr'><strong>apasionadamente</strong></span> 
     </span>
     <span class='ocr_line' id='line_1_20' title="bbox 167 1965 1802 2024; baseline 0.001 -17"><span class='ocrx_word' id='word_1_192' title='bbox 167 1978 198 2020; x_wconf 90' lang='lat' dir='ltr'><strong>y</strong></span> <span class='ocrx_word' id='word_1_193' title='bbox 218 1972 375 2008; x_wconf 86' lang='lat' dir='ltr'><strong>contra</strong></span> <span class='ocrx_word' id='word_1_194' title='bbox 395 1966 501 2009; x_wconf 89' lang='lat' dir='ltr'><strong>toda</strong></span> <span class='ocrx_word' id='word_1_195' title='bbox 522 1970 659 2009; x_wconf 77' lang='lat' dir='ltr'><strong>razon</strong></span> <span class='ocrx_word' id='word_1_196' title='bbox 679 1981 710 2023; x_wconf 94' lang='lat' dir='ltr'><strong>y</strong></span> <span class='ocrx_word' id='word_1_197' title='bbox 731 1967 872 2010; x_wconf 92' lang='lat' dir='ltr'><strong>orden</strong></span> <span class='ocrx_word' id='word_1_198' title='bbox 892 1967 950 2011; x_wconf 91' lang='lat' dir='ltr'><strong>de</strong></span> <span class='ocrx_word' id='word_1_199' title='bbox 970 1967 1183 2020; x_wconf 90' lang='lat' dir='ltr'><strong>derecho,</strong></span> <span class='ocrx_word' id='word_1_200' title='bbox 1214 1982 1244 2023; x_wconf 93' lang='lat' dir='ltr'><strong>y</strong></span> <span class='ocrx_word' id='word_1_201' title='bbox 1265 1967 1309 2010; x_wconf 91' lang='lat' dir='ltr'><strong>la</strong></span> <span class='ocrx_word' id='word_1_202' title='bbox 1329 1981 1445 2024; x_wconf 86' lang='lat' dir='ltr'><strong>gran</strong></span> <span class='ocrx_word' id='word_1_203' title='bbox 1473 1965 1741 2010; x_wconf 82' lang='grc'><strong>0001000100</strong></span> <span class='ocrx_word' id='word_1_204' title='bbox 1773 1980 1802 2021; x_wconf 93' lang='lat' dir='ltr'><strong>y</strong></span> 
     </span>
     <span class='ocr_line' id='line_1_21' title="bbox 165 2041 1802 2099; baseline 0.002 -16"><span class='ocrx_word' id='word_1_205' title='bbox 165 2041 410 2085; x_wconf 75' lang='lat' dir='ltr'><strong>escandalo</strong></span> <span class='ocrx_word' id='word_1_206' title='bbox 431 2042 504 2086; x_wconf 90' lang='lat' dir='ltr'><strong>del</strong></span> <span class='ocrx_word' id='word_1_207' title='bbox 525 2043 714 2099; x_wconf 90' lang='lat' dir='ltr'><strong>pueblo,</strong></span> <span class='ocrx_word' id='word_1_208' title='bbox 744 2058 803 2088; x_wconf 89' lang='grc'><strong>60</strong></span> <span class='ocrx_word' id='word_1_209' title='bbox 824 2058 932 2087; x_wconf 89' lang='grc'><strong>0330</strong></span> <span class='ocrx_word' id='word_1_210' title='bbox 958 2057 1064 2099; x_wconf 91' lang='grc'><strong>006,</strong></span> <span class='ocrx_word' id='word_1_211' title='bbox 1097 2044 1261 2088; x_wconf 90' lang='lat' dir='ltr'><strong>dentro</strong></span> <span class='ocrx_word' id='word_1_212' title='bbox 1289 2044 1345 2087; x_wconf 90' lang='lat' dir='ltr'><strong>de</strong></span> <span class='ocrx_word' id='word_1_213' title='bbox 1366 2043 1435 2087; x_wconf 93' lang='grc'><strong>103</strong></span> <span class='ocrx_word' id='word_1_214' title='bbox 1457 2050 1547 2087; x_wconf 86' lang='lat' dir='ltr'><strong>tres</strong></span> <span class='ocrx_word' id='word_1_215' title='bbox 1568 2043 1666 2086; x_wconf 84' lang='lat' dir='ltr'><strong>dias</strong></span> <span class='ocrx_word' id='word_1_216' title='bbox 1697 2043 1802 2086; x_wconf 91' lang='grc'><strong>(163--</strong></span> 
     </span>
    </p>
   </div>
   <div class='ocr_carea' id='block_1_5' title="bbox 173 2128 438 2135">
    <p class='ocr_par' dir='ltr' id='par_1_5' title="bbox 173 2128 438 2135">
     <span class='ocr_line' id='line_1_22' title="bbox 173 2128 438 2135; baseline 0 1297"><span class='ocrx_word' id='word_1_217' title='bbox 173 2128 438 2135; x_wconf 95' lang='lat' dir='ltr'><strong> </strong></span> 
     </span>
    </p>
   </div>
   <div class='ocr_carea' id='block_1_6' title="bbox 167 2166 1806 3102">
    <p class='ocr_par' dir='ltr' id='par_1_6' title="bbox 168 2166 1803 2569">
     <span class='ocr_line' id='line_1_23' title="bbox 246 2166 1803 2214; baseline 0 -13"><span class='ocrx_word' id='word_1_218' title='bbox 246 2168 258 2188; x_wconf 78' lang='lat'>¹</span> <span class='ocrx_word' id='word_1_219' title='bbox 308 2167 390 2202; x_wconf 92' lang='lat' dir='ltr'><strong>Has</strong></span> <span class='ocrx_word' id='word_1_220' title='bbox 415 2166 574 2214; x_wconf 89' lang='lat' dir='ltr'><strong>quidem</strong></span> <span class='ocrx_word' id='word_1_221' title='bbox 591 2167 741 2204; x_wconf 84' lang='lat' dir='ltr'>litteras</span> <span class='ocrx_word' id='word_1_222' title='bbox 770 2178 847 2203; x_wconf 93' lang='lat' dir='ltr'><strong>non</strong></span> <span class='ocrx_word' id='word_1_223' title='bbox 870 2166 1059 2203; x_wconf 90' lang='lat' dir='ltr'><strong>vidimus:</strong></span> <span class='ocrx_word' id='word_1_224' title='bbox 1085 2172 1316 2214; x_wconf 82' lang='lat' dir='ltr'><strong>sequentem</strong></span> <span class='ocrx_word' id='word_1_225' title='bbox 1345 2178 1440 2203; x_wconf 91' lang='lat' dir='ltr'><strong>vero</strong></span> <span class='ocrx_word' id='word_1_226' title='bbox 1458 2168 1631 2202; x_wconf 88' lang='lat' dir='ltr'><strong>chartam</strong></span> <span class='ocrx_word' id='word_1_227' title='bbox 1659 2167 1803 2213; x_wconf 88' lang='lat' dir='ltr'><strong>reperi-</strong></span> 
     </span>
     <span class='ocr_line' id='line_1_24' title="bbox 170 2226 1802 2274; baseline 0.001 -15"><span class='ocrx_word' id='word_1_228' title='bbox 170 2236 271 2271; x_wconf 90' lang='lat' dir='ltr'><strong>mus,</strong></span> <span class='ocrx_word' id='word_1_229' title='bbox 289 2238 419 2273; x_wconf 90' lang='lat' dir='ltr'><strong>quam,</strong></span> <span class='ocrx_word' id='word_1_230' title='bbox 437 2227 513 2262; x_wconf 90' lang='lat' dir='ltr'><strong>etsi</strong></span> <span class='ocrx_word' id='word_1_231' title='bbox 541 2238 789 2274; x_wconf 88' lang='lat' dir='ltr'><strong>anonymam,</strong></span> <span class='ocrx_word' id='word_1_232' title='bbox 813 2232 856 2262; x_wconf 95' lang='lat' dir='ltr'><strong>ut</strong></span> <span class='ocrx_word' id='word_1_233' title='bbox 881 2226 1004 2274; x_wconf 91' lang='lat' dir='ltr'><strong>ajunt,</strong></span> <span class='ocrx_word' id='word_1_234' title='bbox 1024 2231 1064 2262; x_wconf 92' lang='lat' dir='ltr'><strong>et</strong></span> <span class='ocrx_word' id='word_1_235' title='bbox 1092 2238 1115 2262; x_wconf 91' lang='lat' dir='ltr'><strong>a</strong></span> <span class='ocrx_word' id='word_1_236' title='bbox 1131 2229 1288 2263; x_wconf 86' lang='lat' dir='ltr'><strong>nemine</strong></span> <span class='ocrx_word' id='word_1_237' title='bbox 1317 2226 1599 2273; x_wconf 86' lang='lat' dir='ltr'><strong>subscriptam,</strong></span> <span class='ocrx_word' id='word_1_238' title='bbox 1629 2231 1802 2262; x_wconf 88' lang='lat' dir='ltr'><strong>attamen</strong></span> 
     </span>
     <span class='ocr_line' id='line_1_25' title="bbox 169 2284 1801 2334; baseline 0.001 -15"><span class='ocrx_word' id='word_1_239' title='bbox 169 2284 261 2331; x_wconf 87' lang='lat' dir='ltr'><strong>quia</strong></span> <span class='ocrx_word' id='word_1_240' title='bbox 274 2284 322 2320; x_wconf 91' lang='lat' dir='ltr'><strong>ad</strong></span> <span class='ocrx_word' id='word_1_241' title='bbox 336 2284 384 2320; x_wconf 92' lang='lat' dir='ltr'><strong>ad</strong></span> <span class='ocrx_word' id='word_1_242' title='bbox 401 2290 572 2321; x_wconf 88' lang='lat' dir='ltr'><strong>nostram</strong></span> <span class='ocrx_word' id='word_1_243' title='bbox 590 2286 858 2322; x_wconf 79' lang='lat' dir='ltr'><strong>illustrandam</strong></span> <span class='ocrx_word' id='word_1_244' title='bbox 875 2292 992 2334; x_wconf 92' lang='lat' dir='ltr'><strong>atque</strong></span> <span class='ocrx_word' id='word_1_245' title='bbox 1009 2285 1310 2322; x_wconf 89' lang='lat' dir='ltr'><strong>confirmandam</strong></span> <span class='ocrx_word' id='word_1_246' title='bbox 1324 2285 1497 2322; x_wconf 89' lang='lat' dir='ltr'><strong>nonnihil</strong></span> <span class='ocrx_word' id='word_1_247' title='bbox 1515 2285 1682 2331; x_wconf 85' lang='lat' dir='ltr'><strong>confert,</strong></span> <span class='ocrx_word' id='word_1_248' title='bbox 1695 2284 1801 2331; x_wconf 88' lang='lat' dir='ltr'><strong>huic,</strong></span> 
     </span>
     <span class='ocr_line' id='line_1_26' title="bbox 169 2344 1800 2392; baseline 0 -13"><span class='ocrx_word' id='word_1_249' title='bbox 169 2348 366 2391; x_wconf 88' lang='lat' dir='ltr'><strong>tamquam</strong></span> <span class='ocrx_word' id='word_1_250' title='bbox 396 2345 666 2392; x_wconf 90' lang='lat' dir='ltr'><strong>appendicem,</strong></span> <span class='ocrx_word' id='word_1_251' title='bbox 684 2345 942 2381; x_wconf 87' lang='lat' dir='ltr'><strong>annectimus.</strong></span> <span class='ocrx_word' id='word_1_252' title='bbox 973 2346 1181 2381; x_wconf 91' lang='lat' dir='ltr'><strong>Praeterea</strong></span> <span class='ocrx_word' id='word_1_253' title='bbox 1198 2345 1239 2381; x_wconf 89' lang='lat' dir='ltr'><strong>in</strong></span> <span class='ocrx_word' id='word_1_254' title='bbox 1272 2344 1419 2381; x_wconf 83' lang='lat' dir='ltr'><strong>Cartas</strong></span> <span class='ocrx_word' id='word_1_255' title='bbox 1445 2346 1492 2380; x_wconf 85' lang='lat' dir='ltr'><strong>de</strong></span> <span class='ocrx_word' id='word_1_256' title='bbox 1517 2345 1602 2380; x_wconf 84' lang='lat' dir='ltr'><strong>San</strong></span> <span class='ocrx_word' id='word_1_257' title='bbox 1620 2344 1800 2392; x_wconf 85' lang='lat' dir='ltr'><strong>Ignacio,</strong></span> 
     </span>
     <span class='ocr_line' id='line_1_27' title="bbox 168 2403 1803 2452; baseline 0 -14"><span class='ocrx_word' id='word_1_258' title='bbox 168 2408 203 2439; x_wconf 92' lang='lat' dir='ltr'><strong>t.</strong></span> <span class='ocrx_word' id='word_1_259' title='bbox 227 2412 282 2448; x_wconf 85' lang='lat' dir='ltr'><strong>VI,</strong></span> <span class='ocrx_word' id='word_1_260' title='bbox 301 2415 392 2450; x_wconf 89' lang='lat' dir='ltr'><strong>pag.</strong></span> <span class='ocrx_word' id='word_1_261' title='bbox 416 2403 488 2439; x_wconf 86' lang='lat'><strong>603</strong></span> <span class='ocrx_word' id='word_1_262' title='bbox 505 2409 545 2440; x_wconf 90' lang='lat' dir='ltr'><strong>et</strong></span> <span class='ocrx_word' id='word_1_263' title='bbox 562 2416 670 2452; x_wconf 91' lang='lat' dir='ltr'><strong>seqq.</strong></span> <span class='ocrx_word' id='word_1_264' title='bbox 690 2405 819 2441; x_wconf 89' lang='lat' dir='ltr'><strong>editae</strong></span> <span class='ocrx_word' id='word_1_265' title='bbox 833 2405 914 2452; x_wconf 90' lang='lat' dir='ltr'><strong>jam</strong></span> <span class='ocrx_word' id='word_1_266' title='bbox 933 2404 1092 2441; x_wconf 89' lang='lat' dir='ltr'><strong>fuerunt</strong></span> <span class='ocrx_word' id='word_1_267' title='bbox 1108 2406 1239 2452; x_wconf 89' lang='lat' dir='ltr'><strong>plures</strong></span> <span class='ocrx_word' id='word_1_268' title='bbox 1253 2404 1431 2451; x_wconf 90' lang='lat' dir='ltr'><strong>ejusdem</strong></span> <span class='ocrx_word' id='word_1_269' title='bbox 1448 2403 1635 2451; x_wconf 89' lang='lat' dir='ltr'><strong>principis</strong></span> <span class='ocrx_word' id='word_1_270' title='bbox 1659 2403 1803 2450; x_wconf 89' lang='lat' dir='ltr'><strong>episto-</strong></span> 
     </span>
     <span class='ocr_line' id='line_1_28' title="bbox 171 2461 1796 2510; baseline -0.001 -13"><span class='ocrx_word' id='word_1_271' title='bbox 171 2462 248 2508; x_wconf 91' lang='lat' dir='ltr'><strong>lae,</strong></span> <span class='ocrx_word' id='word_1_272' title='bbox 267 2471 311 2506; x_wconf 89' lang='lat'><strong>27</strong></span> <span class='ocrx_word' id='word_1_273' title='bbox 330 2462 424 2508; x_wconf 91' lang='lat' dir='ltr'><strong>Julii</strong></span> <span class='ocrx_word' id='word_1_274' title='bbox 441 2461 570 2507; x_wconf 89' lang='lat' dir='ltr'><strong>datae,</strong></span> <span class='ocrx_word' id='word_1_275' title='bbox 588 2463 637 2498; x_wconf 92' lang='lat' dir='ltr'><strong>ad</strong></span> <span class='ocrx_word' id='word_1_276' title='bbox 654 2474 859 2510; x_wconf 89' lang='lat' dir='ltr'><strong>proregem</strong></span> <span class='ocrx_word' id='word_1_277' title='bbox 877 2468 917 2499; x_wconf 88' lang='lat' dir='ltr'><strong>et</strong></span> <span class='ocrx_word' id='word_1_278' title='bbox 934 2463 982 2498; x_wconf 91' lang='lat' dir='ltr'><strong>ad</strong></span> <span class='ocrx_word' id='word_1_279' title='bbox 999 2474 1132 2499; x_wconf 90' lang='lat' dir='ltr'><strong>sacrae</strong></span> <span class='ocrx_word' id='word_1_280' title='bbox 1148 2463 1240 2498; x_wconf 91' lang='lat' dir='ltr'><strong>fidei</strong></span> <span class='ocrx_word' id='word_1_281' title='bbox 1258 2462 1299 2499; x_wconf 90' lang='lat' dir='ltr'><strong>in</strong></span> <span class='ocrx_word' id='word_1_282' title='bbox 1316 2462 1516 2509; x_wconf 88' lang='lat' dir='ltr'><strong>Aragonia</strong></span> <span class='ocrx_word' id='word_1_283' title='bbox 1534 2461 1796 2510; x_wconf 90' lang='lat' dir='ltr'><strong>quaesitores.</strong></span> 
     </span>
     <span class='ocr_line' id='line_1_29' title="bbox 173 2521 1336 2569; baseline 0.002 -14"><span class='ocrx_word' id='word_1_284' title='bbox 173 2521 348 2567; x_wconf 83' lang='lat' dir='ltr'><strong>Quarum</strong></span> <span class='ocrx_word' id='word_1_285' title='bbox 365 2526 561 2567; x_wconf 88' lang='lat' dir='ltr'><strong>postrema</strong></span> <span class='ocrx_word' id='word_1_286' title='bbox 578 2527 667 2568; x_wconf 90' lang='lat' dir='ltr'><strong>apte</strong></span> <span class='ocrx_word' id='word_1_287' title='bbox 684 2533 774 2557; x_wconf 89' lang='lat' dir='ltr'><strong>cum</strong></span> <span class='ocrx_word' id='word_1_288' title='bbox 791 2521 972 2569; x_wconf 91' lang='lat' dir='ltr'><strong>sequenti</strong></span> <span class='ocrx_word' id='word_1_289' title='bbox 988 2522 1121 2557; x_wconf 89' lang='lat' dir='ltr'><strong>charta</strong></span> <span class='ocrx_word' id='word_1_290' title='bbox 1136 2522 1336 2557; x_wconf 88' lang='lat' dir='ltr'><strong>cohaeret.</strong></span> 
     </span>
    </p>

    <p class='ocr_par' dir='ltr' id='par_1_7' title="bbox 167 2579 1806 3102">
     <span class='ocr_line' id='line_1_30' title="bbox 241 2579 1801 2628; baseline -0.001 -13"><span class='ocrx_word' id='word_1_291' title='bbox 241 2579 256 2601; x_wconf 78' lang='lat'>²</span> <span class='ocrx_word' id='word_1_292' title='bbox 305 2580 363 2615; x_wconf 86' lang='lat' dir='ltr'><strong>Ex</strong></span> <span class='ocrx_word' id='word_1_293' title='bbox 381 2586 633 2616; x_wconf 90' lang='lat' dir='ltr'><strong>monumento</strong></span> <span class='ocrx_word' id='word_1_294' title='bbox 649 2591 810 2627; x_wconf 90' lang='lat' dir='ltr'><strong>coaevo,</strong></span> <span class='ocrx_word' id='word_1_295' title='bbox 829 2581 868 2616; x_wconf 88' lang='lat' dir='ltr'><strong>in</strong></span> <span class='ocrx_word' id='word_1_296' title='bbox 885 2580 1058 2616; x_wconf 88' lang='lat' dir='ltr'><strong>archivio</strong></span> <span class='ocrx_word' id='word_1_297' title='bbox 1071 2581 1375 2628; x_wconf 90' lang='lat' dir='ltr'><strong>septimancensi</strong></span> <span class='ocrx_word' id='word_1_298' title='bbox 1392 2584 1608 2626; x_wconf 89' lang='lat' dir='ltr'><strong>asservato,</strong></span> <span class='ocrx_word' id='word_1_299' title='bbox 1627 2579 1801 2614; x_wconf 80' lang='lat' dir='ltr'><strong>Archivo</strong></span> 
     </span>
     <span class='ocr_line' id='line_1_31' title="bbox 167 2638 1801 2688; baseline 0 -15"><span class='ocrx_word' id='word_1_300' title='bbox 167 2639 340 2686; x_wconf 80' lang='lat' dir='ltr'><strong>general</strong></span> <span class='ocrx_word' id='word_1_301' title='bbox 369 2640 416 2675; x_wconf 81' lang='lat' dir='ltr'><strong>de</strong></span> <span class='ocrx_word' id='word_1_302' title='bbox 447 2639 672 2682; x_wconf 67' lang='lat' dir='ltr'><strong>Simamm,</strong></span> <span class='ocrx_word' id='word_1_303' title='bbox 697 2640 862 2685; x_wconf 78' lang='lat' dir='ltr'><strong>Estado,</strong></span> <span class='ocrx_word' id='word_1_304' title='bbox 884 2639 1172 2686; x_wconf 88' lang='lat' dir='ltr'><strong>319.—Charta</strong></span> <span class='ocrx_word' id='word_1_305' title='bbox 1200 2641 1312 2688; x_wconf 87' lang='lat' dir='ltr'><strong>haec,</strong></span> <span class='ocrx_word' id='word_1_306' title='bbox 1342 2651 1550 2687; x_wconf 90' lang='lat' dir='ltr'><strong>anonyma,</strong></span> <span class='ocrx_word' id='word_1_307' title='bbox 1580 2638 1801 2685; x_wconf 90' lang='lat' dir='ltr'><strong>scriptionis</strong></span> 
     </span>
     <span class='ocr_line' id='line_1_32' title="bbox 171 2697 1802 2746; baseline -0.001 -13"><span class='ocrx_word' id='word_1_308' title='bbox 171 2697 235 2733; x_wconf 88' lang='lat' dir='ltr'><strong>die</strong></span> <span class='ocrx_word' id='word_1_309' title='bbox 253 2703 374 2743; x_wconf 89' lang='lat' dir='ltr'><strong>earet,</strong></span> <span class='ocrx_word' id='word_1_310' title='bbox 392 2710 466 2734; x_wconf 90' lang='lat' dir='ltr'><strong>nec</strong></span> <span class='ocrx_word' id='word_1_311' title='bbox 488 2698 528 2734; x_wconf 91' lang='lat' dir='ltr'><strong>in</strong></span> <span class='ocrx_word' id='word_1_312' title='bbox 546 2710 592 2734; x_wconf 90' lang='lat' dir='ltr'><strong>ea</strong></span> <span class='ocrx_word' id='word_1_313' title='bbox 613 2698 755 2735; x_wconf 88' lang='lat' dir='ltr'><strong>dicitur</strong></span> <span class='ocrx_word' id='word_1_314' title='bbox 771 2704 901 2735; x_wconf 88' lang='lat' dir='ltr'><strong>utrum</strong></span> <span class='ocrx_word' id='word_1_315' title='bbox 919 2699 1035 2735; x_wconf 89' lang='lat' dir='ltr'><strong>alicui</strong></span> <span class='ocrx_word' id='word_1_316' title='bbox 1057 2699 1190 2746; x_wconf 90' lang='lat' dir='ltr'><strong>missa,</strong></span> <span class='ocrx_word' id='word_1_317' title='bbox 1208 2712 1259 2736; x_wconf 91' lang='lat' dir='ltr'><strong>an</strong></span> <span class='ocrx_word' id='word_1_318' title='bbox 1287 2699 1327 2736; x_wconf 92' lang='lat' dir='ltr'><strong>in</strong></span> <span class='ocrx_word' id='word_1_319' title='bbox 1356 2699 1520 2735; x_wconf 88' lang='lat' dir='ltr'><strong>concilio</strong></span> <span class='ocrx_word' id='word_1_320' title='bbox 1545 2698 1631 2733; x_wconf 90' lang='lat' dir='ltr'><strong>sive</strong></span> <span class='ocrx_word' id='word_1_321' title='bbox 1661 2703 1802 2733; x_wconf 91' lang='lat' dir='ltr'><strong>senatu</strong></span> 
     </span>
     <span class='ocr_line' id='line_1_33' title="bbox 171 2756 1801 2806; baseline 0 -15"><span class='ocrx_word' id='word_1_322' title='bbox 171 2756 404 2803; x_wconf 88' lang='lat' dir='ltr'><strong>Aragoniae,</strong></span> <span class='ocrx_word' id='word_1_323' title='bbox 431 2757 471 2793; x_wconf 92' lang='lat' dir='ltr'><strong>in</strong></span> <span class='ocrx_word' id='word_1_324' title='bbox 488 2757 597 2805; x_wconf 88' lang='lat' dir='ltr'><strong>regia</strong></span> <span class='ocrx_word' id='word_1_325' title='bbox 617 2758 723 2794; x_wconf 90' lang='lat' dir='ltr'><strong>curia</strong></span> <span class='ocrx_word' id='word_1_326' title='bbox 746 2764 943 2806; x_wconf 90' lang='lat' dir='ltr'><strong>versante,</strong></span> <span class='ocrx_word' id='word_1_327' title='bbox 961 2764 1162 2794; x_wconf 87' lang='lat' dir='ltr'><strong>asservata</strong></span> <span class='ocrx_word' id='word_1_328' title='bbox 1178 2758 1314 2795; x_wconf 86' lang='lat' dir='ltr'><strong>fuerit.</strong></span> <span class='ocrx_word' id='word_1_329' title='bbox 1339 2757 1539 2806; x_wconf 79' lang='lat' dir='ltr'><strong>Quidquid</strong></span> <span class='ocrx_word' id='word_1_330' title='bbox 1557 2768 1652 2793; x_wconf 89' lang='lat' dir='ltr'><strong>vero</strong></span> <span class='ocrx_word' id='word_1_331' title='bbox 1678 2756 1718 2792; x_wconf 89' lang='lat' dir='ltr'><strong>id</strong></span> <span class='ocrx_word' id='word_1_332' title='bbox 1735 2756 1801 2801; x_wconf 91' lang='lat' dir='ltr'><strong>sit,</strong></span> 
     </span>
     <span class='ocr_line' id='line_1_34' title="bbox 171 2814 1802 2865; baseline -0.001 -14"><span class='ocrx_word' id='word_1_333' title='bbox 171 2827 219 2851; x_wconf 87' lang='lat' dir='ltr'><strong>ea</strong></span> <span class='ocrx_word' id='word_1_334' title='bbox 236 2816 275 2851; x_wconf 93' lang='lat' dir='ltr'><strong>in</strong></span> <span class='ocrx_word' id='word_1_335' title='bbox 298 2817 402 2852; x_wconf 91' lang='lat' dir='ltr'><strong>hunc</strong></span> <span class='ocrx_word' id='word_1_336' title='bbox 426 2817 554 2853; x_wconf 89' lang='lat' dir='ltr'><strong>locum</strong></span> <span class='ocrx_word' id='word_1_337' title='bbox 579 2822 668 2864; x_wconf 91' lang='lat' dir='ltr'><strong>post</strong></span> <span class='ocrx_word' id='word_1_338' title='bbox 693 2818 933 2864; x_wconf 88' lang='lat' dir='ltr'><strong>superiorem</strong></span> <span class='ocrx_word' id='word_1_339' title='bbox 957 2818 1162 2865; x_wconf 90' lang='lat' dir='ltr'><strong>epistolam</strong></span> <span class='ocrx_word' id='word_1_340' title='bbox 1186 2817 1462 2865; x_wconf 87' lang='lat' dir='ltr'><strong>percommode</strong></span> <span class='ocrx_word' id='word_1_341' title='bbox 1480 2815 1601 2861; x_wconf 87' lang='lat' dir='ltr'><strong>cadit,</strong></span> <span class='ocrx_word' id='word_1_342' title='bbox 1621 2814 1697 2851; x_wconf 86' lang='lat' dir='ltr'><strong>nisi</strong></span> <span class='ocrx_word' id='word_1_343' title='bbox 1715 2814 1802 2862; x_wconf 90' lang='lat' dir='ltr'><strong>quis</strong></span> 
     </span>
     <span class='ocr_line' id='line_1_35' title="bbox 170 2874 1800 2924; baseline -0.002 -12"><span class='ocrx_word' id='word_1_344' title='bbox 170 2887 260 2912; x_wconf 90' lang='lat' dir='ltr'><strong>cum</strong></span> <span class='ocrx_word' id='word_1_345' title='bbox 295 2876 567 2924; x_wconf 88' lang='lat' dir='ltr'><strong>sequentibus,</strong></span> <span class='ocrx_word' id='word_1_346' title='bbox 599 2885 615 2912; x_wconf 93' lang='lat'>1</span> <span class='ocrx_word' id='word_1_347' title='bbox 641 2877 811 2923; x_wconf 89' lang='lat' dir='ltr'><strong>Augusti</strong></span> <span class='ocrx_word' id='word_1_348' title='bbox 840 2877 956 2924; x_wconf 88' lang='lat' dir='ltr'><strong>datis,</strong></span> <span class='ocrx_word' id='word_1_349' title='bbox 987 2876 1093 2913; x_wconf 90' lang='lat' dir='ltr'><strong>illam</strong></span> <span class='ocrx_word' id='word_1_350' title='bbox 1127 2877 1439 2924; x_wconf 87' lang='lat' dir='ltr'><strong>conjungendam</strong></span> <span class='ocrx_word' id='word_1_351' title='bbox 1471 2887 1560 2911; x_wconf 88' lang='lat' dir='ltr'><strong>esse</strong></span> <span class='ocrx_word' id='word_1_352' title='bbox 1586 2874 1800 2910; x_wconf 87' lang='lat' dir='ltr'><strong>existimet.</strong></span> 
     </span>
     <span class='ocr_line' id='line_1_36' title="bbox 171 2933 1803 2984; baseline -0.002 -13"><span class='ocrx_word' id='word_1_353' title='bbox 171 2935 293 2971; x_wconf 91' lang='lat' dir='ltr'><strong>Nobis</strong></span> <span class='ocrx_word' id='word_1_354' title='bbox 319 2947 412 2971; x_wconf 91' lang='lat' dir='ltr'><strong>vero</strong></span> <span class='ocrx_word' id='word_1_355' title='bbox 438 2943 483 2981; x_wconf 92' lang='lat'><strong>27</strong></span> <span class='ocrx_word' id='word_1_356' title='bbox 509 2936 604 2982; x_wconf 89' lang='lat' dir='ltr'><strong>Julii</strong></span> <span class='ocrx_word' id='word_1_357' title='bbox 629 2935 797 2981; x_wconf 83' lang='lat' dir='ltr'><strong>videtur3</strong></span> <span class='ocrx_word' id='word_1_358' title='bbox 817 2948 906 2972; x_wconf 88' lang='lat' dir='ltr'><strong>nam</strong></span> <span class='ocrx_word' id='word_1_359' title='bbox 923 2936 986 2972; x_wconf 90' lang='lat' dir='ltr'><strong>hic</strong></span> <span class='ocrx_word' id='word_1_360' title='bbox 1002 2936 1088 2972; x_wconf 87' lang='lat' dir='ltr'><strong>dies</strong></span> <span class='ocrx_word' id='word_1_361' title='bbox 1106 2937 1276 2983; x_wconf 88' lang='lat' dir='ltr'><strong>affigitur</strong></span> <span class='ocrx_word' id='word_1_362' title='bbox 1293 2936 1484 2984; x_wconf 90' lang='lat' dir='ltr'><strong>epistolae</strong></span> <span class='ocrx_word' id='word_1_363' title='bbox 1502 2934 1551 2970; x_wconf 89' lang='lat' dir='ltr'><strong>ad</strong></span> <span class='ocrx_word' id='word_1_364' title='bbox 1577 2933 1803 2980; x_wconf 88' lang='lat' dir='ltr'><strong>Aragoniae</strong></span> 
     </span>
     <span class='ocr_line' id='line_1_37' title="bbox 172 2993 1806 3044; baseline -0.002 -13"><span class='ocrx_word' id='word_1_365' title='bbox 172 2995 422 3043; x_wconf 90' lang='lat' dir='ltr'><strong>inquisitores</strong></span> <span class='ocrx_word' id='word_1_366' title='bbox 439 2995 545 3040; x_wconf 86' lang='lat' dir='ltr'><strong>fidei,</strong></span> <span class='ocrx_word' id='word_1_367' title='bbox 563 3007 663 3044; x_wconf 91' lang='lat' dir='ltr'><strong>quae</strong></span> <span class='ocrx_word' id='word_1_368' title='bbox 688 2995 850 3032; x_wconf 90' lang='lat' dir='ltr'><strong>mirifice</strong></span> <span class='ocrx_word' id='word_1_369' title='bbox 872 3007 962 3032; x_wconf 90' lang='lat' dir='ltr'><strong>cum</strong></span> <span class='ocrx_word' id='word_1_370' title='bbox 979 3000 1110 3032; x_wconf 91' lang='lat' dir='ltr'><strong>nostra</strong></span> <span class='ocrx_word' id='word_1_371' title='bbox 1126 2995 1339 3032; x_wconf 89' lang='lat' dir='ltr'><strong>consentit.</strong></span> <span class='ocrx_word' id='word_1_372' title='bbox 1364 2995 1466 3031; x_wconf 92' lang='lat' dir='ltr'><strong>Vide</strong></span> <span class='ocrx_word' id='word_1_373' title='bbox 1488 2993 1636 3030; x_wconf 82' lang='lat' dir='ltr'><strong>cartas</strong></span> <span class='ocrx_word' id='word_1_374' title='bbox 1652 2994 1700 3029; x_wconf 85' lang='lat' dir='ltr'><strong>de</strong></span> <span class='ocrx_word' id='word_1_375' title='bbox 1719 2993 1806 3029; x_wconf 81' lang='lat' dir='ltr'><strong>San</strong></span> 
     </span>
     <span class='ocr_line' id='line_1_38' title="bbox 173 3054 784 3102; baseline 0.002 -12"><span class='ocrx_word' id='word_1_376' title='bbox 173 3054 355 3102; x_wconf 85' lang='lat' dir='ltr'><strong>Ignacio,</strong></span> <span class='ocrx_word' id='word_1_377' title='bbox 375 3059 404 3090; x_wconf 94' lang='lat' dir='ltr'><strong>t.</strong></span> <span class='ocrx_word' id='word_1_378' title='bbox 426 3063 482 3101; x_wconf 80' lang='lat' dir='ltr'><strong>vl,</strong></span> <span class='ocrx_word' id='word_1_379' title='bbox 499 3067 588 3102; x_wconf 90' lang='lat' dir='ltr'><strong>pag.</strong></span> <span class='ocrx_word' id='word_1_380' title='bbox 607 3054 784 3101; x_wconf 84' lang='lat'><strong>605-607.</strong></span> 
     </span>
    </p>
   </div>
  </div>
 </body>
</html>
