2060 3432
810 276 856 314 27
881 269 990 316 Jum
1017 275 1109 314 1555
1658 269 1728 317 7³7

234 370 498 426 Inscripiio:
520 369 549 428 †
570 371 632 414 Al
658 370 799 413 molto
820 370 935 413 Rdo.
967 369 1014 413 in
1041 371 1127 413 Χ.ο
1158 370 1320 423 Padre,
1351 369 1382 413 il
1409 372 1462 414 P.
1488 372 1578 415 M.⁰
1599 371 1778 428 Ignatio

147 447 205 491 de
249 447 437 503 Loyola,
478 447 706 504 preposito
749 447 963 504 generale
999 447 1116 492 della
1153 446 1434 504 Compagnia
1475 447 1532 491 de
1564 450 1691 506 Jesu,
1730 448 1777 492 in

148 524 305 568 Roma.

902 707 1021 747 991

519 832 522 835 .
553 795 999 835 CHRISTOPHORUS
1025 797 1096 832 DE
1121 797 1370 833 HERRERA

499 876 740 919 PATRI
780 875 1088 933 JACOBO
1134 876 1421 920 LAINEZ

663 972 903 1000 FLORENTIA
920 970 966 1009 27
983 972 1084 1007 JULn
1105 971 1194 1009 1555
1212 964 1243 1000 ¹.

324 1045 494 1083 Litteras
513 1046 692 1082 ducissae
711 1046 931 1082 Florentiae
949 1058 1018 1093 pro
1035 1046 1242 1083 Francisco
1261 1046 1440 1083 Mudarra
1458 1047 1591 1084 mittit.

943 1124 973 1182 ,Γ

234 1222 345 1276 Muy
368 1220 485 1263 Rdo.
511 1225 660 1263 senor:
686 1218 866 1275 Rescibi
887 1219 931 1262 la
951 1226 1075 1263 carta
1096 1219 1152 1263 de
1174 1221 1232 1263 V.
1258 1234 1339 1274 m.,
1358 1235 1388 1276 y
1409 1221 1453 1264 la
1474 1235 1563 1276 que
1579 1234 1666 1264 con
1689 1222 1777 1266 ella

142 1297 277 1340 benia
297 1311 405 1353 para
425 1295 486 1338 mi
508 1302 669 1340 sefiora
689 1296 731 1340 16
752 1294 798 1338 (11
819 1296 976 1352 luego,
1000 1310 1030 1351 y
1051 1310 1138 1339 con
1161 1297 1269 1339 toda
1289 1296 1522 1341 dificultad
1550 1298 1594 1342 16
1620 1299 1679 1343 he
1700 1313 1774 1342 sa-

144 1368 256 1411 cado
277 1382 367 1411 vna
395 1374 519 1410 carta
545 1381 652 1424 para
681 1367 723 1411 el
751 1368 804 1410 P.
836 1366 1012 1423 Ignatio
1041 1381 1099 1410 en
1128 1381 1217 1422 que
1244 1367 1286 1411 le
1314 1374 1490 1413 comete
1518 1383 1608 1425 que
1634 1369 1691 1413 de
1719 1384 1775 1413 su

141 1451 269 1501 parte
290 1445 423 1488 hable
444 1444 487 1487 al
507 1444 651 1487 conde
672 1443 687 1464 ³
710 1443 767 1487 de
789 1444 1014 1496 Montoro,
1038 1458 1067 1500 y
1090 1451 1188 1487 otra
1210 1459 1318 1501 para
1333 1445 1376 1488 el
1392 1446 1539 1490 conde
1560 1446 1617 1490 de
1639 1447 1772 1489 Mon-

142 1528 242 1565 toro
269 1536 327 1566 en
353 1520 559 1566 creencia
585 1520 657 1563 del
686 1522 736 1564 Ρ.
765 1519 958 1577 Ignatio.
990 1522 1062 1564 No
1089 1520 1219 1576 quiso
1246 1521 1396 1564 firmat
1425 1526 1536 1565 mas:
1567 1523 1709 1579 podra
1730 1523 1773 1567 el

143 1597 398 1663 P31gnatio
419 1598 500 1640 dar
521 1597 564 1641 la
585 1604 707 1640 carta
730 1597 788 1641 de
808 1611 862 1640 su
884 1596 1037 1640 Ex.cia
1058 1598 1072 1618 ³
1102 1598 1143 1640 al
1167 1598 1311 1642 conde
1333 1613 1362 1655 y
1383 1598 1544 1643 dezille
1565 1600 1622 1644 de
1644 1606 1773 1655 parte

142 1709 452 1756 sapientissimus
481 1708 656 1745 medicus
681 1721 819 1745 sanare
841 1710 1001 1756 volens,
1024 1710 1123 1745 hanc
1148 1709 1380 1746 medicinam
1397 1711 1600 1758 applicuit,
1619 1723 1698 1747 non
1715 1717 1772 1748 ta-

143 1779 232 1804 men
251 1768 392 1815 inipso
410 1769 510 1815 loco,
527 1767 632 1815 quia,
662 1773 706 1803 vt
728 1767 923 1814 benignus
952 1773 1050 1814 erat,
1080 1769 1231 1815 nolens,
1262 1769 1413 1816 opinor,
1443 1781 1506 1805 me
1536 1781 1665 1806 coram
1684 1770 1773 1806 aliis

142 1827 293 1872 acriori,
311 1828 427 1863 sicuti
446 1829 637 1874 merebar,
654 1827 918 1864 admonitione
935 1827 1187 1874 confundere,
1205 1828 1367 1864 retinuit
1391 1829 1581 1877 tantisper
1598 1830 1701 1877 apud
1727 1842 1772 1866 se

141 1886 189 1922 P.
213 1887 438 1932 Polancum,
455 1886 547 1922 dum
560 1887 610 1922 ab
628 1898 674 1922 eo
691 1886 1004 1922 recessissemus.
1025 1886 1125 1922 Cum
1143 1898 1237 1922 vero
1255 1887 1303 1922 ad
1319 1893 1469 1935 portam
1487 1888 1625 1924 domus
1643 1894 1772 1925 extre-

141 1957 243 1981 mam
273 1945 355 1982 fere
384 1945 715 1993 pervenissemus,
746 1957 796 1981 en
813 1946 860 1982 P.
889 1946 1081 1982 Polancus
1110 1945 1221 1982 iubet
1239 1959 1301 1982 me
1318 1947 1534 1983 subsistere
1563 1948 1767 1996 tantisper,

140 2005 232 2041 dum
249 2005 472 2041 mandatum
490 2004 616 2041 Patris
646 2010 874 2052 exponeret.
905 2005 1097 2041 Medicina
1128 2017 1223 2052 ergo
1251 2007 1348 2042 haec
1377 2006 1463 2043 fuit:
1496 2007 1599 2053 Quia
1627 2008 1773 2055 (inquit

138 2064 188 2100 P.
211 2065 417 2110 Polancus)
430 2065 546 2100 Pater
562 2070 695 2100 noster
708 2063 984 2100 animaduertit
996 2064 1036 2100 in
1051 2066 1125 2100 hoc
1138 2065 1276 2101 vltimo
1289 2077 1517 2112 congressu,
1532 2067 1635 2114 quod
1652 2067 1770 2103 nimis

137 2123 214 2159 fixe
233 2123 355 2160 oculis
372 2123 413 2159 in
430 2122 553 2170 ipsius
570 2124 722 2159 vultum
740 2123 938 2159 coniectos
962 2123 1148 2170 tenuisti,
1172 2124 1276 2171 quod
1293 2130 1566 2171 argumentum
1588 2130 1649 2160 est
1666 2137 1768 2160 arro-

135 2184 308 2230 gantiae,
322 2193 390 2230 pro
407 2182 647 2229 poenitentia
664 2182 835 2230 mandat,
859 2188 903 2219 vt
925 2183 1099 2230 quotidie
1123 2185 1262 2219 saltem
1285 2186 1406 2220 semel
1425 2185 1465 2220 in
1483 2185 1662 2220 examine
1679 2195 1772 2221 con-

137 2242 326 2280 scientiae
343 2241 584 2288 consideres,
607 2253 656 2277 an
674 2242 714 2277 in
732 2241 910 2287 alicuius,
928 2243 992 2278 cui
1008 2243 1269 2279 reuerentiam
1286 2243 1446 2288 debeas,
1466 2245 1617 2280 vultum
1635 2245 1768 2280 oculos

138 2306 227 2337 tuos
245 2300 392 2336 diutius
409 2300 542 2336 fixeris
559 2300 662 2335 inter
691 2299 942 2347 loquendum,
972 2305 1012 2336 et
1037 2306 1081 2336 ut
1099 2306 1186 2348 post
1204 2313 1369 2337 examen
1391 2301 1534 2337 recites
1553 2301 1767 2337 orationem

139 2360 370 2396 dominicam
384 2371 472 2395 cum
486 2359 676 2405 angelica3
693 2364 732 2394 et
750 2359 904 2406 quoties
918 2359 1088 2407 denique
1102 2360 1150 2395 ad
1167 2372 1257 2396 eum
1271 2361 1419 2396 scribes
1432 2361 1619 2404 (scribere
1637 2366 1768 2396 autem

139 2419 331 2456 debebam
350 2431 398 2454 ex
417 2419 654 2466 praescripto
670 2420 828 2464 regulae
847 2418 1011 2465 singulis
1028 2419 1368 2465 hebdomadibus),
1387 2420 1533 2456 referas
1557 2432 1605 2455 an
1623 2421 1769 2466 persol-

139 2479 243 2515 ueris
273 2478 568 2526 poenitentiam,
587 2479 651 2513 vel
669 2489 759 2513 non.
785 2478 894 2513 Haec
917 2483 1047 2514 autem
1071 2479 1311 2526 poenitentia
1329 2485 1503 2515 extracta
1522 2485 1582 2516 est
1600 2479 1639 2515 in
1665 2479 1774 2516 deci·

140 2550 245 2574 mum
262 2538 439 2586 quintum
458 2549 647 2582 mensem,
665 2547 742 2585 quo
759 2538 932 2583 euolut0,
950 2537 1188 2584 significauit
1204 2539 1253 2574 Β.
1283 2539 1400 2575 Pater
1424 2544 1466 2574 vt
1490 2538 1772 2576 abstinerem».

138 2598 386 2633 —Hactenus
410 2598 631 2643 Manareus,
647 2596 890 2643 respondens
921 2596 969 2632 ad
998 2597 1175 2644 quaesita
1190 2598 1239 2633 P.
1270 2598 1625 2634 Lancicii.—Porro
1643 2598 1767 2634 laure-

137 2660 227 2692 tana
243 2656 397 2692 colonia
413 2657 536 2692 Roma
553 2655 736 2692 discessit
753 2655 832 2701 25.⁸
850 2656 1100 2703 Novembris,
1119 2656 1330 2692 Lauretum
1348 2669 1442 2693 vero
1460 2657 1636 2703 ingressa
1659 2662 1721 2692 est
1744 2656 1772 2692 3

137 2716 369 2752 Decembris
386 2723 494 2760 1554.
514 2715 732 2759 POLANco,
751 2720 779 2750 t.
797 2724 854 2761 1v,
873 2725 963 2762 pag.
981 2715 1042 2761 46,
1060 2723 1120 2760 47,
1138 2728 1177 2751 n.
1202 2714 1328 2763 73-75,
1344 2715 1534 2754 OmvERn
1551 2716 1768 2762 MANAREI,

137 2775 199 2811 De
216 2775 332 2811 rebus
350 2775 668 2822 SocietatisJesu
685 2775 1013 2817 commentarius,
1032 2786 1126 2822 pag.
1152 2773 1233 2811 136.
1261 2782 1268 2788 '

204 2833 216 2855 ¹
266 2834 325 2869 Ex
342 2834 581 2880 autographo
598 2833 639 2869 in
656 2835 733 2869 vol.
750 2834 796 2880 F,
813 2834 928 2869 unico
947 2832 1054 2879 folio,
1070 2846 1112 2869 n.
1139 2833 1196 2880 13,
1215 2833 1322 2881 prius
1338 2832 1402 2879 73.

203 2895 218 2915 2
268 2892 340 2928 Ms.
361 2900 420 2939 q.e
442 2913 481 2918 —
496 2892 638 2929 Comes
655 2898 787 2928 autem
804 2892 854 2928 de
871 2893 1062 2938 Montoro,
1083 2898 1274 2940 sequente
1301 2904 1402 2928 anno
1425 2892 1505 2928 dux
1528 2891 1568 2928 di
1592 2892 1767 2929 Palliano

132 2957 302 2998 creatus,
332 2957 415 2988 erat
444 2953 616 2998 Joannes
645 2952 811 2998 Caraffa‚
840 2951 949 2988 Pauli
973 2953 1029 2988 IV
1052 2963 1187 3000 nepos.
1213 2953 1432 2998 POLANCO,
1460 2957 1488 2988 t.
1514 2960 1556 2999 v,
1586 2963 1677 3000 pag.
1703 2961 1772 2999 24,

134 3022 174 3047 n.
194 3010 254 3047 38.

205 3070 220 3091 ³
269 3071 461 3106 Eleonora
477 3068 527 3105 de
544 3069 708 3117 Toledo,
726 3069 882 3106 ducissa
899 3069 1134 3106 Florentiae.
1153 3069 1254 3106 Vide
1272 3070 1388 3117 epist.
1408 3075 1655 3117 sequentem.

348 3133 540 3164 Ειηετοιᾼιι
558 3134 705 3171 Min-an,
724 3142 800 3164 rou.
821 3141 874 3163 xv.
1547 3134 1584 3163 47
