2080 3536
308 256 332 292 6
926 264 985 290 AD
1008 262 1235 290 LECTOREM

259 358 516 415 perioribus
552 358 864 414 conjunctum,
889 357 984 413 jam
1013 355 1300 400 millesimum
1327 361 1724 400 monumentorum
1750 352 1902 397 edito—

258 450 364 479 -rum
386 450 625 479 numerum
651 434 845 478 excedit:
876 433 1025 490 ipsum
1052 447 1161 476 vero
1189 431 1376 477 seorsim
1404 438 1659 489 spectatum
1686 429 1905 487 epistolas
1954 422 1955 425 ¹

264 513 383 556 ultra
406 514 493 556 260
522 511 856 568 complectitur,
887 512 944 554 ab
973 510 1161 555 ineunte
1189 524 1308 553 anno
1342 519 1454 564 1554
1476 509 1533 552 ad
1561 508 1759 552 medium
1780 500 1900 562 ‘1555

258 597 485 638 exaratas.

354 667 473 711 Cum
494 674 663 721 autem,
688 665 971 709 vindicandis
993 681 1018 709 e
1040 663 1255 716 tenebris,
1281 662 1358 707 ubi
1374 663 1605 719 jacebant,
1629 661 1901 706 educendis-

266 743 417 800 quein
440 745 581 788 solem
598 759 651 787 ac
668 744 901 800 pulverem
919 741 1200 797 antiquitatis
1216 740 1537 794 monumentis,
1556 740 1707 784 studia
1723 746 1901 783 nostra-

267 821 381 865 tium
399 828 561 878 sponte
584 822 834 873 foveamus,
859 820 1072 862 nolumus
1095 826 1246 862 tamen
1266 817 1371 861 inde
1392 816 1549 873 injusti
1565 817 1784 861 adversus
1805 816 1909 860 illos

266 898 507 942 historicos
528 897 821 955 deprehendi,
846 904 925 941 aut
954 896 1200 952 quidquam
1229 895 1384 939 debito
1411 895 1595 938 illorum
1622 893 1782 938 honori
1805 895 1906 951 glo—

269 975 422 1026 riaeve
443 977 697 1029 detrahere,
730 975 807 1031 qui
844 973 1023 1030 scriptis
1051 987 1122 1016 res
1152 979 1331 1015 nostras
1359 973 1630 1016 mandarunt
1652 978 1698 1015 et
1725 972 1783 1015 de
1803 971 1909 1015 uni—

268 1068 401 1098 versa
421 1053 610 1096 historia
631 1053 752 1110 apud
774 1049 1203 1109 eruditossshomines
1219 1050 1337 1094 bene
1353 1049 1500 1093 meriti
1517 1055 1640 1093 sunt.
1662 1050 1818 1106 Quare
1837 1048 1908 1092 di-

269 1130 465 1187 ligenter
487 1130 746 1174 curavimus
769 1130 909 1174 ferme
931 1127 976 1170 in
999 1126 1192 1184 singulis
1214 1126 1415 1183 epistolis
1430 1127 1546 1180 loca,
1567 1140 1910 1182 nonnumquam

272 1207 407 1252 etiam
431 1208 586 1262 verba,
611 1206 812 1251 indicare
833 1204 1137 1263 probatissimi
1159 1203 1556 1262 auctorisJoannis
1578 1205 1637 1247 A.
1664 1204 1721 1247 de
1743 1204 1911 1248 Polan—

274 1300 343 1337 co,
371 1285 449 1341 qui
471 1284 656 1328 assiduo
678 1285 833 1328 labore
855 1289 1151 1327 monumenta
1171 1288 1325 1325 nostra
1347 1281 1441 1324 suis
1463 1281 1673 1325 manibus
1699 1282 1911 1338 pervolu—

275 1362 404 1406 tavit.
431 1364 499 1406 Ex
531 1376 622 1417 quo
644 1362 829 1418 duplex,
864 1360 951 1404 nisi
982 1359 1194 1412 fallimur,
1229 1358 1401 1402 utilitas
1431 1358 1648 1402 nascitur:
1682 1359 1838 1412 altera,
1863 1365 1918 1402 ut

275 1446 583 1496 cognoscatur
606 1454 829 1496 quaenam
852 1438 910 1482 sit
933 1437 1010 1481 tali
1026 1437 1124 1480 viro
1142 1435 1397 1479 adhibenda
1413 1436 1526 1480 fides
1544 1437 1628 1494 (est
1643 1443 1796 1480 autem
1813 1437 1917 1494 plu-

278 1517 391 1560 rima
412 1516 635 1574 habenda)
643 1531 652 1571 ;
679 1517 835 1569 altera,
862 1522 913 1558 ut
935 1529 1052 1571 quae
1075 1513 1226 1557 minus
1248 1514 1521 1569 quandoque
1549 1527 1606 1556 ex
1632 1514 1755 1557 nuda
1777 1528 1829 1557 ac
1850 1514 1917 1557 la—

280 1594 439 1638 conica
462 1593 755 1650 epistolarum
777 1593 972 1638 lectione
993 1591 1328 1648 intelliguntur,
1355 1606 1411 1635 ex
1432 1590 1633 1647 pleniore
1655 1590 1805 1634 Patris
1825 1593 1922 1635 Po-

281 1673 414 1716 lanco
430 1671 694 1733 narratione
716 1672 1053 1716 collustrentur.

363 1751 482 1807 Jam,
508 1750 630 1805 quod
651 1749 709 1791 ad
737 1754 1007 1805 argumenta
1034 1747 1343 1803 epistolarum,
1375 1745 1421 1788 in
1450 1747 1537 1790 hoc
1565 1746 1655 1789 vol.
1681 1753 1921 1790 contenta-

283 1842 401 1880 rum,
426 1826 603 1878 attinet,
629 1841 734 1870 cum
757 1826 939 1883 singula
961 1823 1170 1882 persequi
1191 1824 1382 1880 longum
1399 1830 1535 1877 esset,
1555 1823 1798 1881 praecipua
1821 1830 1922 1867 tan—

284 1911 382 1947 tum
403 1903 717 1947 delibabimus.
744 1904 850 1947 Illae
881 1910 1034 1947 autem
1070 1915 1238 1958 magna
1264 1916 1321 1945 ex
1347 1908 1476 1957 parte
1505 1902 1562 1945 ad
1590 1901 1826 1959 sequentia
1847 1915 1924 1944 ca-

286 1981 380 2038 pita
401 1981 603 2024 revocari
625 1988 831 2037 possunt.
858 1981 945 2024 Vel
972 1979 1092 2023 enim
1122 1984 1330 2035 spectant
1358 1980 1408 2033 a)
1428 1979 1485 2022 ad
1506 1978 1746 2023 universae
1768 1977 1929 2023 Socie-

286 2057 393 2101 tatis
409 2058 742 2102 incrementum
759 2071 812 2101 ac
829 2071 901 2101 res
918 2071 997 2114 per
1013 2055 1161 2100 socios
1177 2060 1348 2111 gestaS,
1370 2062 1420 2098 ut
1437 2055 1680 2113 plurimum
1697 2055 1816 2099 intra
1831 2056 1932 2098 Eu—

290 2149 463 2191 ropam,
484 2134 650 2192 quibus
667 2134 853 2192 aliquid,
874 2135 931 2178 ad
949 2132 1272 2178 transmarinas
1288 2132 1525 2178 missiones
1541 2134 1788 2191 pertinens,
1809 2143 1935 2180 arcte

291 2226 396 2255 cum
419 2212 554 2256 sociis
571 2212 808 2269 europaeis
831 2213 1144 2268 conjunctum,
1165 2214 1423 2259 addendum
1441 2212 1542 2266 erit;
1561 2212 1635 2256 vel
1651 2212 1695 2269 b)
1717 2213 1774 2255 ad
1790 2212 1932 2270 ipsam

293 2289 533 2334 Societatis
561 2289 861 2346 disciplinam,
898 2290 1079 2346 legibus
1104 2290 1199 2346 jam
1229 2290 1408 2347 scriptis
1436 2304 1488 2333 ac
1516 2289 1935 2334 Constitutionibus

294 2367 611 2424 promulgatis,
637 2367 826 2411 firmiter
847 2367 1163 2412 stabiliendam
1186 2367 1559 2423 sanctissimeque
1576 2367 1930 2424 propagandam.

297 2445 402 2501 Quo
426 2443 546 2488 enim
567 2446 726 2500 major,
751 2447 852 2489 Deo
874 2444 1076 2502 auspice,
1101 2446 1324 2489 evadebat
1339 2445 1385 2488 in
1403 2444 1500 2488 dies
1517 2444 1759 2489 Societatis
1775 2444 1935 2502 ampli—

298 2522 425 2575 tudo,
449 2521 662 2578 illiusque
690 2522 891 2578 corporis
917 2524 1138 2576 membra,
1175 2537 1293 2578 quae
1315 2523 1455 2580 prius,
1493 2528 1543 2565 ut
1571 2522 1637 2574 fit,
1669 2520 1828 2564 intimo
1849 2521 1936 2565 Dei

299 2598 461 2654 spiritu
498 2599 752 2652 alebantur,
788 2614 978 2643 numero
1006 2599 1194 2643 mirifice
1224 2600 1392 2655 ubique
1419 2598 1626 2656 gentium
1655 2598 1938 2653 crescebant,

300 2689 355 2719 eo
377 2675 801 2720 erat-necessarium
823 2675 971 2733 magis
993 2683 1043 2719 ut
1064 2676 1178 2719 socii
1200 2691 1357 2720 omnes
1379 2675 1610 2719 communi
1638 2674 1941 2718 Constitutio-

302 2766 412 2794 num
449 2751 786 2809 ignatianarum
813 2752 998 2796 vinculo
1026 2752 1469 2809 constringerentur,
1503 2758 1552 2794 ut
1580 2751 1737 2796 eadem
1767 2752 1948 2796 cunctis

302 2829 547 2885 provinciis
570 2836 690 2874 esset
714 2829 868 2882 facies,
896 2829 1032 2883 idem,
1058 2830 1209 2885 quoad
1231 2829 1329 2873 fieri
1350 2835 1521 2886 posset,
1547 2843 1703 2872 omnes
1731 2829 1789 2872 de
1810 2828 1948 2876 rebus
1986 2864 1989 2866 .

304 2906 472 2949 nostris
494 2906 729 2950 sentirent.
763 2908 961 2950 Duobus
989 2906 1060 2950 his
1082 2906 1307 2963 capitibus
1335 2905 1504 2962 aliquid
1532 2908 1575 2961 c)
1601 2905 1821 2963 singulari
1850 2895 1943 2950 me—

307 2982 449 3026 moria
470 2983 678 3040 dignum,
705 2984 885 3039 quodve
906 2983 954 3027 in
975 2983 1046 3026 his
1068 2982 1269 3039 epistolis
1290 2983 1516 3027 inclusum
1534 2982 1810 3040 perstringat
1833 2996 1948 3026 ocu-—

306 3058 391 3112 los,
418 3059 683 3104 brevissime
704 3059 983 3115 adjiciemus.
