2034 3476
754 236 778 274 3
803 237 1067 275 SEPTEMBRIS
1094 246 1187 284 1554
1665 239 1735 276 333

155 345 215 386 he
235 340 459 385 mandado
480 346 603 383 estos
619 339 716 383 dias
732 339 947 395 passados
962 353 1013 383 se
1029 339 1228 385 labrasse
1243 344 1270 383 a
1287 340 1371 384 mis
1386 347 1552 393 costas,
1572 342 1630 385 de
1646 342 1793 385 modo

156 433 246 475 que
268 432 326 462 en
348 418 390 462 el
411 431 460 461 se
481 417 630 473 pueda
651 415 828 459 habitat
849 431 879 472 y
900 415 1101 474 celebrar
1116 417 1184 460 105
1200 416 1374 460 officios
1390 417 1612 462 diuinales
1638 419 1666 461 ¹.
1692 419 1782 470 Re,-

157 480 258 540 ciba
278 501 375 539 este
391 508 505 551 poco
528 492 740 546 seruicio,
759 507 816 536 en
833 507 952 548 cuyo
967 492 1162 537 seruicio
1177 508 1348 549 reynan
1363 495 1431 537 105
1448 508 1537 550 (100
1552 495 1594 539 10
1611 495 1785 549 51100οζ

154 589 184 630 y
204 587 286 629 por
305 573 349 615 13
370 570 515 628 1111553
537 585 596 613 00
618 570 714 613 dire
736 573 848 622 mas,
869 570 926 614 de
946 569 1211 614 remittirme
1228 574 1254 613 a
1269 571 1312 614 13
1333 570 1532 615 10130100
1554 571 1628 614 (101
1649 571 1790 616 (110110

157 652 210 694 P.
230 649 392 702 Nadal,
416 662 446 703 y
468 632 694 703 supplicat
716 651 742 690 a
763 647 821 690 V.
847 647 902 689 R.
928 660 1018 702 que
1038 646 1201 690 iterum
1230 654 1275 690 et
1302 648 1359 691 de
1386 662 1507 690 nouo
1535 649 1735 693 conceda
1757 653 1783 691 3

156 729 233 779 mi,
263 741 292 782 y
320 725 483 768 mande
510 728 537 766 a
563 724 631 767 105
663 724 834 767 Ρ3(1105
862 723 920 767 (10
945 723 990 766 13
1023 729 1154 767 53013
1180 724 1458 780 Compafiia,
1490 739 1620 768 como
1648 741 1705 781 ya
1740 726 1785 769 10

157 802 276 846 tiene
298 802 536 853 mandado,
562 815 651 856 que
672 799 866 856 siempre
888 814 977 855 que
997 814 1106 856 para
1126 800 1332 856 predicar
1347 802 1391 844 13
1412 801 1618 845 doctrina
1638 802 1782 846 chris·

158 879 280 923 tiana
301 883 327 922 a
346 879 414 921 105
436 877 693 934 feligresses
713 877 772 919 (10
793 875 853 918 101
874 875 1108 932 obispado,
1127 891 1186 932 yo
1203 877 1499 922 nescessitare
1516 879 1573 922 de
1589 879 1784 935 algunos

158 956 316 1008 (101105,
341 969 521 1011 vengan
539 958 565 997 a
586 952 806 998 exercitat
822 959 899 996 tan
915 954 1035 996 buen
1053 953 1269 998 exercitio
1285 955 1318 1008 ’ς
1337 969 1368 1011 y
1384 955 1422 998 si
1438 959 1542 1010 aqui
1559 970 1618 1012 yo
1637 957 1799 1012 puedov

158 1033 444 1089 emplearme,
470 1046 528 1076 en
550 1031 658 1074 toda
679 1044 785 1073 cosa
806 1043 895 1085 que
915 1045 988 1075 me
1009 1031 1224 1074 mandare
1250 1031 1294 1074 la
1320 1033 1429 1075 hare
1456 1046 1543 1075 con
1570 1047 1678 1089 muy
1701 1049 1782 1078 en—

161 1116 256 1153 1013
276 1109 510 1161 voluntad,
535 1123 565 1165 y
585 1108 629 1151 13
650 1110 778 1151 terne
804 1122 862 1151 en
889 1107 1070 1150 merced
1097 1121 1186 1162 que
1218 1109 1275 1151 V.
1308 1109 1362 1151 R.
1394 1109 1437 1152 13
1464 1110 1643 1162 mande,
1668 1111 1798 1166 cuya'

159 1201 268 1243 muy
290 1186 402 1230 Rda.
427 1199 644 1242 perssona
664 1185 723 1228 N.
750 1184 798 1228 S.
830 1183 1020 1240 guarde‚
1044 1198 1075 1239 y
1095 1181 1183 1241 [en]
1209 1198 1264 1227 511
1291 1191 1449 1228 530010
1477 1186 1673 1230 50101010
1702 1201 1785 1243 por

159 1264 311 1320 largos
333 1269 444 1306 afios
465 1275 725 1305 consserue.
750 1262 821 1304 De
841 1259 1059 1304 Valencia
1079 1263 1105 1303 a
1126 1274 1181 1304 111
1205 1261 1262 1303 de
1284 1261 1537 1306 Setiembre
1565 1273 1690 1318 1554.
1716 1265 1786 1307 De

161 1342 217 1384 V.
240 1342 294 1384 R.
318 1338 624 1390 devotissimo,
648 1351 738 1393 que
758 1352 816 1381 011
837 1351 915 1379 5115
936 1336 1201 1381 11013510005
1227 1329 1562 1392 5001101010οᾶ3,

463 1417 571 1459 Hm.
594 1416 780 1459 Omspo
801 1427 865 1457 DE
886 1413 1114 1458 SEGORVE
1135 1427 1166 1457 Y
1187 1428 1250 1458 DE
1272 1415 1607 1460 ALBARRAZI'N.

233 1493 246 1515 ¹
295 1494 356 1528 De
373 1493 446 1528 hoc
463 1491 567 1527 facto
584 1490 640 1526 sic
658 1491 901 1534 POLANCUS,
920 1494 949 1524 t.
967 1497 1024 1535 IV,
1042 1500 1132 1536 pag.
1150 1488 1235 1536 372,
1254 1502 1292 1525 n.
1311 1498 1395 1536 797:
1417 1492 1546 1528 «Misit
1571 1492 1789 1541 Episcopus

163 1550 439 1599 Segurbiensis
455 1550 642 1587 famulum
659 1561 748 1585 cum
766 1548 931 1596 pecunia
948 1548 1228 1584 Barchinonam
1245 1549 1295 1585 ad
1318 1551 1508 1587 ecclesiae
1533 1552 1636 1588 illius
1661 1552 1792 1589 aedifi-

159 1612 262 1648 cium
280 1610 575 1652 absolvendum,
595 1615 636 1645 et
653 1609 693 1644 in
711 1608 847 1644 eadem
865 1607 1159 1644 concionantem
1183 1609 1227 1643 P.
1253 1608 1432 1645 Stradam
1457 1611 1591 1647 audire
1616 1614 1788 1649 volebat:

144 1670 454 1719 quadragesima
471 1668 651 1717 sequenti
669 1667 709 1703 in
726 1666 925 1703 exercitiis
942 1667 1060 1702 etiam
1079 1667 1345 1714 spiritualibus
1363 1670 1412 1705 ab
1427 1670 1563 1706 eodem
1582 1672 1790 1708 Barchino—

160 1742 234 1767 nae
251 1730 402 1766 institui
420 1728 647 1777 postulavit,
671 1739 760 1763 nam
778 1731 870 1762 tunc
896 1726 936 1762 in
957 1726 1091 1772 gregis
1117 1726 1178 1762 sui
1204 1727 1429 1764 visitatione
1456 1736 1668 1777 occupatus
1692 1738 1788 1768 erat.

161 1790 342 1836 Magnam
359 1789 463 1825 vitae
482 1787 736 1824 mutationem
756 1787 796 1822 in
814 1785 952 1821 melius
970 1785 1034 1821 hic
1047 1786 1263 1833 Episcopus
1281 1787 1443 1835 fecerat,
1462 1795 1640 1836 sumptus
1659 1802 1792 1838 super-

160 1848 259 1884 fluos
281 1860 374 1884 suae
397 1847 535 1883 domus
559 1850 818 1887 resecaverat,
847 1849 887 1880 et
911 1855 1000 1879 cutn
1026 1845 1191 1880 multum
1216 1844 1381 1882 deberet
1407 1847 1611 1893 pecuniae,
1638 1855 1678 1884 et
1702 1861 1790 1885 cum

161 1907 301 1943 damno
318 1918 396 1943 non
413 1906 599 1943 mediocri
615 1904 854 1941 cambiorum
872 1915 958 1939 eam
976 1908 1082 1939 esset
1100 1909 1343 1952 accepturus,
1361 1906 1470 1942 venit
1488 1907 1545 1943 illi
1566 1908 1605 1944 in
1621 1915 1791 1945 mentem

163 1967 267 2014 quod
285 1978 463 2013 magnam
481 1966 561 2001 vim
578 1963 732 2011 argenti
748 1963 796 1999 ad
820 1974 978 1998 mensae
997 1974 1091 1998 suae
1114 1963 1374 2000 ministerium
1401 1966 1578 2010 haberet;
1606 1973 1646 2003 et
1664 1968 1717 2004 ita
1744 1981 1792 2005 ex

164 2027 269 2063 vasis
292 2026 489 2073 argenteis
513 2024 717 2073 pecuniam
739 2023 910 2059 confecit
939 2028 979 2059 et
1003 2022 1136 2058 debita
1154 2029 1223 2059 sua
1247 2023 1442 2070 dissolvit,
1473 2025 1660 2063 fictilibus
1687 2029 1792 2064 vasis

163 2091 409 2122 contentus».
428 2085 489 2122 Cf.
513 2085 611 2121 Litt.
637 2084 811 2130 Quadr„
835 2087 863 2118 t.
882 2091 938 2128 m,
957 2093 1046 2128 pag.
1069 2082 1238 2128 169—172.

235 2148 249 2167 ²
299 2145 392 2181 Piae
405 2144 541 2192 optimi
559 2142 731 2191 episcopi
749 2141 930 2189 petitioni
946 2140 1149 2188 respondit
1165 2142 1355 2188 Ignatius:
1383 2144 1465 2180 «En
1489 2145 1526 2180 lo
1543 2157 1620 2192 que
1644 2151 1730 2182 toea
1756 2149 1791 2183 al

166 2203 381 2240 ministerio
397 2216 473 2251 que
490 2203 539 2239 de
557 2204 614 2239 los
631 2203 822 2238 Nuestros
839 2202 994 2248 querria
1011 2201 1180 2236 Vuestra
1197 2200 1359 2237 Sefion'a
1377 2214 1427 2239 en
1444 2203 1572 2250 ayuda
1591 2205 1790 2252 espiritual

165 2263 214 2300 de
232 2276 278 2300 su
294 2275 408 2310 grey,
427 2274 579 2310 aunque
598 2274 660 2298 me
679 2272 818 2309 parece
833 2260 925 2296 bien
944 2261 981 2295 lo
999 2271 1075 2307 que
1093 2259 1238 2296 ofrecio
1257 2262 1292 2296 el
1320 2262 1489 2298 Maestro
1507 2264 1645 2310 Nadal,
1663 2277 1714 2311 yo
1733 2277 1791 2300 es-

162 2323 272 2360 cribo
289 2324 324 2359 al
342 2323 467 2359 Padre
484 2321 705 2363 Franciseo,
724 2320 940 2357 Comisario
957 2323 1118 2354 nuestro
1135 2330 1185 2354 en
1203 2319 1293 2355 toda
1310 2321 1464 2367 Espafia
1482 2324 1610 2365 (como
1634 2326 1656 2359 3
1674 2324 1791 2371 quien

164 2383 300 2431 pienso
318 2382 453 2419 tendra
470 2380 657 2418 voluntad
681 2380 730 2415 de
755 2379 880 2415 servir
902 2381 926 2414 a
948 2379 1118 2413 Vuestra
1142 2378 1303 2415 Sefioria
1321 2391 1369 2415 en
1395 2381 1431 2416 el
1456 2380 1580 2417 serior
1603 2387 1791 2430 nuestro),

165 2455 241 2490 que
255 2454 417 2490 procure
434 2441 482 2477 de
500 2443 616 2477 hacer
632 2452 682 2476 en
700 2445 786 2475 esto
802 2451 828 2486 y
846 2451 896 2474 en
914 2437 1026 2474 todas
1042 2448 1152 2473 cosas
1170 2450 1246 2485 que
1264 2440 1433 2475 Vuestra
1451 2440 1612 2477 Sefioria
1639 2443 1791 2478 manda-

166 2515 224 2549 re,
243 2502 332 2538 todo
347 2503 385 2538 lo
402 2501 599 2549 posible.»
627 2499 773 2535 Cartas
795 2500 842 2534 de
869 2498 954 2534 San
979 2498 1161 2545 Ignacio‚
1190 2503 1220 2533 t.
1253 2506 1310 2543 1v,
1337 2510 1430 2545 pag.
1460 2498 1631 2545 363-364.
1684 2501 1793 2537 Missi

167 2562 287 2609 igitur
303 2567 440 2608 postea
455 2560 565 2596 fuere
583 2558 879 2595 Albarrazinum
897 2558 1034 2592 Patres
1053 2556 1275 2592 Ludovicus
1294 2557 1512 2594 Santander
1531 2565 1570 2594 et
1594 2560 1807 2596 Balthasar*

169 2621 286 2657 Pisias
305 2626 367 2656 «et
384 2620 633 2656 christianam
646 2618 876 2663 doctrinam,
890 2616 1066 2652 canendo
1080 2628 1149 2663 per
1162 2616 1339 2663 publicas
1354 2616 1438 2653 vias
1452 2629 1539 2653 cum
1555 2621 1796 2666 campanula,

170 2680 376 2726 docebant,
406 2679 545 2726 donec,
571 2678 752 2714 omnibus
775 2676 906 2723 pueris
933 2675 1203 2722 congregatis,
1229 2675 1269 2711 in
1295 2676 1568 2712 Cathedralem
1595 2679 1657 2713 vel
1683 2679 1797 2715 aliam

172 2738 377 2775 ecclesiam
394 2737 731 2785 ingrediebantur.
757 2735 905 2771 Aderat
922 2740 1054 2770 autem
1073 2734 1280 2782 aliquando
1304 2735 1536 2782 Episcopus,
1563 2741 1603 2771 et
1619 2748 1696 2773 non
1714 2738 1799 2774 sine

173 2797 354 2845 lacrymis
370 2797 586 2833 doctrinam
601 2796 841 2843 explicantes
859 2794 1105 2829 audiebat...:
1126 2793 1289 2829 dabat...
1310 2805 1431 2840 puero
1459 2796 1520 2829 vel
1541 2796 1707 2840 puellae,
1733 2798 1800 2844 qui

174 2857 312 2893 melius
347 2856 562 2892 doctrinam
590 2855 841 2891 christianam
869 2852 1080 2897 referebat,
1112 2865 1313 2889 nummum
1344 2858 1595 2899 argenteum,
1615 2856 1677 2891 vel
1707 2857 1800 2902 quid

173 2916 408 2963 hujusmodi,
434 2920 478 2951 ut
500 2914 624 2961 magis
653 2914 702 2950 ad
731 2913 815 2960 ejus
845 2911 1017 2948 studium
1047 2911 1324 2955 animarentur,
1357 2917 1397 2947 et
1427 2911 1608 2958 copiosus
1640 2916 1812 2952 omnino*-

173 2976 324 3013 fructus
339 2975 610 3022 capiebatur.»
629 2974 869 3014 POLANCUS‚
889 2977 918 3007 t.
938 2980 994 3018 1v,
1013 2982 1101 3018 pag.
1121 2969 1206 3017 371,
1224 2982 1266 3007 n.
1291 2969 1460 3016 793-7943
1490 2970 1583 3006 Litt.
1618 2973 1794 3018 Quadr„

177 3045 206 3074 t.
226 3046 283 3082 111,
303 3046 396 3083 pag.
422 3043 501 3080 170.
