2060 3432
873 198 894 237 5
921 191 1032 238 JULn
1060 197 1149 237 1555
1704 197 1774 236 717

956 425 1078 466 98⁴1

677 515 1029 554 HIERONYMUS
1053 513 1351 552 CASALINUS

569 594 756 638 PATRI
786 593 1047 638 IGNATIO
1078 593 1161 636 DE
1191 592 1446 636 LOYOLA

756 689 946 718 BONONIA
963 688 984 726 5
1002 688 1104 724 JULn
1123 687 1213 725 1555
1233 681 1260 715 ¹.

253 759 314 796 Ne
331 759 454 796 nostri
471 758 627 795 omnino
644 758 826 795 deserant
843 769 972 794 sacras
984 757 1091 795 Stae.
1112 757 1256 793 Luciae
1274 756 1409 804 aedes,
1424 757 1492 793 ubi
1510 757 1624 794 solita
1642 758 1773 794 munia

767 821 968 862 exercent,
987 816 1103 852 enixe
1119 820 1247 862 rogat.

991 893 1021 918 ,1.

1002 919 1010 951 1

288 985 354 1028 La
376 983 522 1041 gratia
542 990 589 1027 et
611 997 723 1040 pace
737 983 795 1028 de
810 982 956 1028 Giesi'i
970 989 1126 1026 nostro
1141 982 1327 1040 signore
1343 982 1408 1026 sia
1424 997 1600 1040 sempre
1617 997 1704 1027 con
1720 983 1827 1027 tutti

199 1060 291 1115 noi,
311 1067 399 1104 etc.
419 1061 564 1105 Molto
580 1060 698 1104 Rdo.
720 1060 867 1105 Padre
881 1058 928 1103 in
944 1059 1126 1104 Christo
1142 1073 1318 1115 sempre
1339 1061 1618 1103 honorando.
1639 1061 1825 1105 Ancora

199 1137 301 1181 chio
323 1145 463 1194 tenga
483 1138 524 1180 al
547 1138 688 1180 fermo
710 1151 859 1182 essere
880 1137 937 1180 V.
964 1137 1018 1180 R.
1043 1136 1235 1193 appieno
1256 1135 1495 1180 informata
1516 1137 1573 1181 de
1590 1144 1762 1193 quanto
1783 1137 1828 1183 le

201 1214 315 1267 diro,
340 1213 676 1258 nientedimeno
698 1227 790 1256 non
812 1214 984 1258 restari)
1006 1213 1062 1256 de
1084 1212 1364 1257 rememorali
1385 1213 1432 1256 in
1452 1220 1581 1270 parte
1602 1212 1634 1256 il
1655 1213 1826 1270 princi-

201 1290 276 1348 pio
297 1296 343 1335 et
364 1304 606 1347 progresso
632 1290 780 1333 hebbe
807 1296 966 1345 questa
995 1289 1161 1333 deuota
1187 1303 1269 1332 sua
1296 1289 1579 1346 Compagnia
1605 1289 1650 1333 di
1678 1289 1823 1335 Giesl‘i

201 1367 279 1423 qui
299 1367 347 1410 in
371 1367 590 1423 Bologna.
618 1364 912 1422 Capitandoci
928 1365 959 1408 li
981 1364 1085 1410 Rdi.
1115 1367 1176 1409 M.
1204 1365 1296 1409 don
1316 1366 1353 1409 F
1355 1379 1571 1409 rancesco
1594 1365 1781 1411 Seuiere
1803 1366 1820 1388 ⁸

199 1451 245 1487 et
272 1445 334 1488 M.
365 1443 456 1486 don
484 1442 645 1486 Nicolo
674 1441 957 1498 Bobadiglia,
988 1441 1152 1498 piaque
1179 1456 1206 1485 a
1233 1441 1320 1485 Dio
1348 1441 1476 1485 farmi
1505 1441 1651 1499 gratia
1678 1444 1763 1487 che
1789 1443 1820 1486 11

198 1519 318 1564 dessi
339 1520 525 1576 albergo
546 1518 591 1562 in
614 1533 719 1562 casa
740 1518 844 1571 mia,
869 1525 916 1562 et
943 1518 1036 1561 cosi
1059 1525 1258 1563 steteron
1285 1533 1479 1575 sempre,
1504 1520 1568 1562 fin
1589 1525 1716 1563 tanto
1736 1521 1822 1564 che

199 1598 256 1641 V.
282 1598 336 1640 R.
362 1595 393 1639 li
415 1595 592 1639 chiamo
614 1610 641 1638 a
668 1597 829 1649 Roma,
853 1595 885 1638 11
911 1596 996 1639 0110
1023 1610 1050 1639 3
1077 1609 1150 1639 me
1179 1595 1228 1639 fu
1255 1595 1300 1638 di
1328 1595 1627 1652 grandissimo
1648 1596 1818 1650 dolore,

124 1700 130 1701 ff
199 1672 471 1717 uedandomi
491 1671 620 1728 priuo
641 1672 698 1716 de
719 1686 810 1715 una
829 1672 868 1715 si
888 1678 1019 1729 grata
1035 1678 1081 1717 et
1102 1671 1296 1716 cordiale
1317 1672 1601 1728 compagnia.
1628 1672 1822 1730 Seguito

198 1751 285 1795 che
306 1748 411 1793 tutti
433 1748 570 1806 quelli
592 1749 648 1793 de
670 1755 820 1805 tempo
841 1748 886 1791 in
905 1755 1055 1805 tempo
1071 1763 1403 1805 compareuano
1418 1748 1466 1792 in
1484 1749 1689 1806 Bologna
1704 1749 1823 1793 della

199 1826 380 1870 sudetta
407 1825 704 1883 Compagnia,
729 1824 794 1882 gli
820 1826 938 1869 daua
964 1839 1142 1882 sempre
1169 1825 1372 1882 gratioso
1403 1825 1617 1882 recapit0‚
1648 1833 1695 1871 et
1721 1840 1821 1869 cre-

200 1902 383 1947 sciando
410 1902 454 1946 13
484 1901 736 1958 frequentia
765 1902 822 1947 de
853 1901 1091 1955 sacerdoti,
1127 1904 1190 1947 M.
1219 1903 1391 1960 Jacobo
1422 1901 1602 1955 LaineS,
1637 1904 1700 1947 M.
1735 1902 1820 1946 Al·—

200 1981 389 2035 phonse,
414 1980 477 2023 M.
502 1977 710 2032 Claudio,
734 1985 780 2023 et
801 1979 863 2022 M.
891 1977 1134 2022 Paschasio
1157 1979 1189 2032 ⁵,
1214 1985 1260 2022 et
1281 1978 1381 2022 altri
1403 1980 1487 2022 che
1514 1979 1752 2022 andauano
1774 1978 1820 2022 in

200 2054 368 2099 diuersi
396 2054 537 2110 lochi,
569 2055 765 2098 secondo
792 2055 835 2098 la
862 2054 1119 2099 obedientia
1153 2055 1291 2098 alloro
1328 2055 1385 2100 da
1421 2056 1478 2100 V.
1519 2057 1574 2099 R.
1607 2055 1818 2111 imposta,

201 2131 342 2189 parmi
362 2132 508 2175 chela
529 2131 745 2175 0311011103
765 2132 882 2175 della
909 2131 1076 2175 chiesia
1103 2146 1195 2175 non
1221 2134 1359 2176 esser’
1383 2131 1636 2177 sufficiente
1666 2138 1712 2175 et
1742 2146 1820 2175 03-

201 2222 312 2265 pace
331 2208 389 2251 ad
410 2207 665 2265 albergarli,
690 2207 754 2265 gli
781 2207 901 2251 diedi
929 2222 1019 2251 una
1046 2208 1135 2251 mia
1160 2222 1265 2252 casa
1291 2223 1318 2252 a
1338 2208 1430 2252 lato
1451 2209 1494 2251 13
1515 2208 1698 2261 chiesia,
1723 2215 1770 2253 et
1789 2207 1821 2251 11

199 2283 384 2329 homeni
405 2285 522 2329 della
543 2283 754 2340 parochia
781 2283 845 2341 gli
873 2298 931 2328 ne
957 2298 1168 2341 compero
1196 2299 1258 2328 un
1284 2285 1398 2329 altra
1417 2299 1629 2341 appresso
1652 2285 1817 2340 quella,

201 2360 247 2403 di
268 2366 389 2404 sorte
410 2362 494 2404 che
514 2360 560 2403 di
581 2361 672 2404 dua
691 2375 750 2405 ne
767 2361 915 2404 facero
933 2375 1023 2403 una
1039 2361 1212 2417 granda
1227 2361 1359 2414 assai,
1383 2362 1473 2406 ben
1495 2360 1760 2418 compartita
1775 2366 1822 2405 et

201 2437 437 2480 comodata
464 2437 506 2480 al
532 2437 599 2480 lor
625 2436 836 2493 bisogno,
861 2443 907 2481 et
935 2436 1029 2480 cosi
1055 2449 1384 2481 comenzorono
1412 2438 1468 2481 ad
1495 2437 1726 2494 insignare
1746 2437 1819 2481 alli

200 2512 306 2558 miei
326 2512 601 2570 parochiani,
625 2512 806 2557 homeni
826 2519 873 2557 et
893 2513 1061 2567 donne,
1086 2520 1132 2557 et
1153 2515 1210 2558 ad
1231 2514 1347 2568 altri,
1368 2514 1471 2571 quei
1488 2513 1587 2557 suoi
1609 2513 1821 2558 fruttuosi

201 2596 246 2634 et
269 2589 487 2646 spirituali
509 2589 714 2645 exercicij
738 2589 784 2632 di
805 2588 1020 2643 maniera,
1053 2604 1102 2634 se
1129 2589 1160 2633 il
1186 2590 1344 2636 uiuere
1371 2591 1466 2634 loro
1493 2605 1568 2634 era
1589 2590 1731 2647 prima
1752 2596 1822 2634 te-

201 2680 334 2720 reno,
364 2666 592 2710 mondano
620 2673 666 2711 et
693 2666 887 2719 carnale,
917 2667 1029 2710 hora
1054 2666 1081 2710 ἑ
1102 2666 1331 2724 religioso,
1356 2666 1594 2719 chatolico,
1618 2674 1665 2711 et
1686 2667 1821 2711 celle—

274 2808 286 2829 ¹
336 2807 394 2842 Ex
412 2807 651 2854 autographo
668 2806 709 2843 in
725 2807 807 2843 vol.
830 2807 876 2854 F,
893 2806 1038 2854 duplici
1051 2806 1159 2854 folio,
1176 2819 1216 2844 n.
1233 2808 1294 2855 26,
1312 2808 1418 2856 prius
1439 2806 1520 2854 143,
1541 2816 1620 2854 149.

270 2867 285 2887 ²
335 2865 564 2901 Franciscus
581 2865 791 2903 Xaverius.

272 2924 288 2946 ⁸
337 2924 600 2960 Memorantur
617 2924 719 2969 heic,
738 2929 892 2972 praeter
909 2925 1100 2972 Jacobum
1118 2925 1278 2973 Lainez,
1293 2927 1430 2963 Patres
1448 2926 1672 2974 Alphonsus
1690 2926 1821 2965 Salme

203 2994 289 3031 ron,
307 2982 493 3020 Claudius
511 2982 621 3030 Jajus
638 2988 679 3020 et
695 2982 926 3021 Paschasius
942 2984 1073 3021 Broet.
