2060 3432
319 259 390 306 864
808 258 1048 296 EPISTOLAE
1074 259 1384 307 Murra—1035

271 368 441 406 nostra.
467 360 587 405 Anci
609 376 636 405 a
656 367 817 417 questo
845 360 1062 418 giubileo,
1087 359 1133 403 di
1156 361 1219 404 tal
1239 361 1438 407 maniera
1460 363 1487 407 e
1515 363 1738 409 cresciuto
1760 364 1792 408 il
1818 380 1907 409 nu—

270 453 396 484 mero
418 439 534 484 delle
555 439 777 496 pecorelle
794 438 839 482 di
856 439 995 494 Xpo.,
1014 444 1060 482 et
1082 437 1196 481 tanti
1217 453 1329 482 sono
1351 439 1457 483 stati
1477 439 1508 483 li
1529 441 1781 497 confitenti,
1802 444 1904 497 che,

270 523 410 570 certo,
436 531 527 560 non
548 531 600 560 so
622 530 750 561 come
771 530 863 559 non
884 514 922 558 si
946 515 1066 558 fosse
1086 529 1217 572 spese
1240 522 1359 560 tutto
1380 515 1412 559 il
1433 523 1583 574 tempo
1605 519 1690 562 che
1710 519 1906 564 douerno

269 594 357 637 alla
377 594 547 647 schola,
572 608 622 638 se
643 592 690 636 in
712 592 782 636 cio
803 591 1038 635 hauesimo
1066 592 1247 636 uolsuto
1277 594 1527 638 attendere.
1560 596 1709 639 Perho
1730 597 1907 641 hormai

269 685 361 714 non
382 671 594 714 habiamo
616 677 743 714 tanto
770 670 828 712 da
855 682 1098 725 procurare
1126 671 1210 713 che
1237 671 1413 714 creschi
1444 670 1475 714 il
1502 686 1707 727 numero,
1737 682 1908 729 quanto

266 747 474 792 satisfare
496 749 535 791 al
560 748 636 805 gia
656 746 898 800 cresciuto,
930 746 1123 791 essendo
1151 747 1262 802 cosi,
1292 749 1379 793 che
1399 763 1463 792 un
1484 749 1582 792 solo
1605 763 1700 793 non
1722 752 1813 806 puo
1835 758 1906 795 at—

269 826 455 870 tendere
477 841 503 869 a
526 832 650 869 tante
672 839 792 869 cose.
824 825 927 868 Vna
954 837 1060 867 cosa
1088 824 1156 868 sol
1182 824 1244 867 mi
1270 825 1421 880 duole‚
1457 827 1542 871 che
1573 841 1665 869 non
1691 827 1903 873 habiamo

266 902 345 960 piu
367 902 534 946 chiesia
557 916 738 959 capace,
762 901 1053 957 imperhoche
1075 907 1120 944 et
1137 901 1265 958 peril
1283 902 1462 948 feruore
1478 903 1536 947 de
1553 909 1678 948 tante
1695 918 1902 960 persone,

266 987 312 1024 et
333 995 413 1037 per
433 981 476 1023 la
496 981 692 1024 salutare
714 978 907 1031 dotrina,
933 979 1019 1022 che
1041 979 1066 1021 e
1087 978 1146 1023 de
1167 978 1283 1023 dieci
1311 979 1695 1034 comandamenti,
1727 996 1753 1026 e
1781 983 1903 1038 quali

265 1056 660 1101 incominciaremo
691 1056 748 1098 da
780 1055 891 1112 oggi
918 1071 945 1099 a
980 1066 1029 1111 15
1060 1055 1229 1113 giorni,
1261 1056 1299 1099 si
1327 1056 1438 1100 faria
1475 1058 1649 1114 grande
1686 1059 1827 1103 frutto
1853 1059 1902 1104 in

265 1141 425 1191 queste
446 1134 675 1191 pouerelle
697 1133 868 1187 anime,
893 1134 1009 1177 male
1031 1132 1226 1178 instrute
1248 1133 1294 1177 in
1317 1135 1406 1179 tale
1427 1134 1641 1179 dottrina.

352 1211 471 1256 Delli
493 1211 687 1255 scholari
707 1225 799 1254 non
821 1209 919 1254 diro
950 1211 1088 1265 altro,
1119 1210 1193 1267 poi
1221 1212 1323 1255 chel
1355 1212 1496 1255 frutto
1523 1212 1642 1255 nelle
1667 1212 1828 1258 lettere
1855 1220 1902 1258 et

262 1288 455 1333 costumi
477 1290 502 1332 e
531 1295 663 1345 tropo
694 1287 947 1341 manifesto,
979 1302 1071 1331 non
1093 1288 1348 1332 ritirandosi
1377 1289 1445 1332 lor
1476 1288 1648 1333 adrieto
1674 1289 1721 1333 di
1743 1291 1900 1335 confe-

261 1366 388 1419 sarsi,
414 1366 548 1410 etiam
571 1381 659 1409 con
681 1366 832 1421 quello
853 1367 939 1410 che
960 1365 991 1408 li
1019 1366 1044 1409 e
1075 1366 1222 1410 Padre
1253 1365 1485 1422 spirituale
1512 1365 1699 1411 insieme
1727 1374 1773 1412 et
1793 1382 1898 1424 pre-

260 1450 447 1488 cettore.
468 1445 504 1487 F
506 1443 751 1487 inalmente
766 1449 927 1498 questa
943 1443 969 1486 e
987 1457 1077 1486 una
1093 1442 1282 1500 uigneta
1298 1442 1360 1486 dil
1378 1443 1561 1500 Signor‚
1581 1445 1729 1500 quale,
1754 1452 1894 1501 cert0‚

257 1522 405 1565 hauea
426 1520 619 1578 bisogno
641 1520 687 1563 di
709 1519 968 1573 lauoratori,
994 1519 1132 1576 quali,
1157 1520 1478 1574 coltiuandola,
1497 1520 1528 1563 li
1547 1521 1770 1566 facessero
1786 1537 1895 1579 pro—

257 1598 371 1642 dure
401 1600 541 1641 frutto
573 1597 618 1640 di
650 1596 903 1641 suauitade.
936 1598 993 1640 Et
1020 1598 1163 1653 perho
1191 1612 1282 1640 non
1310 1612 1422 1654 poso
1453 1612 1664 1646 mancare
1691 1598 1737 1642 di
1764 1613 1886 1643 raco—

255 1676 487 1719 mandarla
508 1691 534 1719 a
555 1676 613 1719 V.
640 1676 694 1718 R.
720 1675 804 1718 che
826 1675 869 1717 la
892 1673 1010 1717 uolia
1032 1688 1304 1719 conseruare
1325 1675 1401 1719 nel
1422 1689 1612 1720 numero
1628 1675 1744 1721 delle
1761 1676 1889 1730 altre,

255 1759 300 1796 et
333 1752 591 1809 aggiutarla
622 1751 758 1795 etiam
791 1752 837 1793 d’
871 1751 1035 1794 alcuno
1066 1751 1182 1794 altro
1219 1752 1474 1796 lauoratore
1505 1751 1757 1808 spirituale,
1793 1753 1891 1797 acio

252 1830 354 1872 chel
374 1843 564 1873 numero
587 1827 827 1872 del’anime
848 1827 893 1870 di
917 1827 1100 1871 Christo
1120 1827 1243 1884 possi
1265 1828 1374 1885 ogni
1391 1827 1553 1884 giorno
1569 1835 1886 1885 augmentare.

249 1907 310 1951 Sa
332 1908 390 1951 V.
417 1908 472 1950 R.
499 1920 627 1950 come
650 1921 711 1949 un
734 1907 970 1951 sacerdote
991 1906 1088 1950 solo
1116 1906 1206 1962 puo
1234 1905 1441 1950 satisfare
1462 1921 1489 1950 a
1517 1905 1630 1949 tanti
1658 1905 1883 1963 desiderij.

252 1985 357 2027 Non
379 1985 492 2027 altro
514 1998 593 2040 per
614 1985 740 2028 hora.
768 1982 821 2027 Li
845 1982 1007 2028 fratelli
1029 1989 1160 2026 stano
1188 1981 1286 2026 sani
1314 1996 1394 2039 per
1420 1981 1546 2026 Iddio
1573 1982 1740 2039 gratia,
1775 1989 1821 2026 et
1847 1983 1886 2027 si

251 2061 501 2118 aggiutano
523 2075 663 2105 ancor
690 2060 778 2104 essi
806 2075 891 2104 con
920 2060 1106 2117 giouare
1133 2059 1347 2105 etiamdio
1376 2059 1419 2103 al
1446 2059 1659 2116 prosimo.
1695 2059 1823 2103 Tutti
1845 2059 1886 2103 ci

248 2137 612 2182 racomandiamo
633 2138 719 2182 alle
741 2137 934 2181 orationi
955 2137 1001 2181 di
1023 2138 1079 2181 V.
1108 2139 1161 2181 R.
1194 2145 1240 2180 et
1269 2136 1405 2180 Padri
1427 2142 1472 2181 et
1501 2136 1664 2181 fratelli
1693 2135 1741 2179 in
1762 2138 1881 2194 Xp0.

250 2215 309 2259 Di
330 2216 540 2272 Argenta
559 2214 590 2258 li
612 2227 667 2259 22
691 2214 736 2258 di
759 2215 1015 2260 Settembre
1048 2224 1173 2270 1555.
1206 2213 1266 2258 Di
1294 2215 1352 2258 V.
1379 2215 1435 2258 R.
1467 2228 1602 2259 seruo
1632 2213 1679 2256 in
1701 2213 1884 2258 Christo

250 2292 453 2347 minimo,

1107 2369 1314 2412 ANDREA
1347 2369 1678 2412 BONINSEGNA.

336 2447 595 2503 Inscriptio:
616 2446 645 2504 †
669 2446 728 2490 Al
749 2446 888 2489 molto
911 2446 1024 2490 Rdo.
1050 2445 1098 2488 in
1121 2444 1303 2489 Christo
1327 2445 1490 2498 Padre,
1514 2443 1546 2487 il
1569 2446 1622 2488 P.
1649 2446 1712 2489 M.
1743 2445 1880 2502 Igna-

247 2522 310 2567 tio
347 2523 404 2567 de
441 2524 643 2580 Loyola,
671 2522 899 2580 preposito
931 2523 1144 2580 generale
1180 2523 1296 2566 della
1333 2521 1614 2579 Compagnia
1642 2521 1688 2565 di
1714 2521 1875 2568 Giesu.

249 2601 293 2644 A
317 2601 473 2644 Roma.
