2034 3476
286 246 355 282 216
779 246 1019 282 EPISTOLAE
1043 245 1256 282 ΜῙΧΤΑΕ-
1262 246 1332 282 820

995 525 1121 565 820

779 626 1058 663 PHILIPPUS
1084 625 1324 663 LEERNUS

609 712 796 755 PATRI
828 711 1090 754 IGNATIO
1123 711 1206 754 DE
1238 710 1499 754 LOYOLA

736 813 930 841 MUTmA
963 813 1016 850 29
1049 813 1160 848 MAJI
1197 812 1306 850 1554
1342 806 1372 840 ¹.

184 929 187 931 ,
234 888 418 924 Tironem
447 888 655 936 quemdam
684 886 900 924 Ferrariam
931 887 1094 923 missum
1125 899 1231 923 esse.
1248 889 1361 923 —De
1391 886 1520 923 sociis:
1552 887 1695 935 quibus
1729 885 1874 922 scholis

304 947 488 994 regendis
505 948 584 984 sint
600 947 972 995 praefecti.—Quas
989 947 1154 994 quisque
1173 947 1340 983 virtutes
1354 958 1398 983 ac
1417 946 1587 983 indolem
1605 947 1759 983 habeat:
1780 945 1875 994 quid

307 1008 347 1043 in
365 1019 597 1055 unoquoque
614 1006 914 1051 animadvertat,
934 1007 1239 1053 reprehensione
1256 1007 1431 1054 dignum.

1039 1083 1063 1120 †

1003 1123 1103 1179 Jhs.

325 1218 422 1260 Pax
444 1216 538 1269 Xj,
563 1222 652 1260 ete.
679 1216 821 1260 Molto
843 1217 958 1260 Rdo.
985 1215 1032 1259 in
1055 1215 1239 1260 Christo
1263 1216 1424 1261 Padre.
1453 1218 1542 1260 Per
1569 1215 1832 1272 rispondere
1853 1229 1880 1257 a

235 1295 279 1338 le
307 1293 350 1350 dj
381 1295 440 1338 V.
473 1295 525 1337 R.
555 1295 607 1337 P.
635 1293 708 1338 del
736 1306 787 1351 19
809 1293 855 1336 di
878 1293 1082 1350 Maggio,
1107 1293 1205 1337 diro
1227 1293 1386 1350 prima,
1411 1295 1498 1337 che
1518 1294 1562 1338 le
1589 1306 1694 1336 cose
1722 1305 1880 1336 occor-

234 1371 371 1427 rentj,
403 1371 449 1413 id
471 1378 557 1425 est,
591 1371 635 1426 dj
666 1370 856 1427 negotij,
882 1371 948 1428 gli
968 1370 1244 1415 seriueremo
1266 1386 1293 1414 a
1315 1372 1518 1424 Ferrara,
1545 1377 1591 1415 et
1611 1371 1669 1413 de
1697 1370 1883 1414 l'essere

235 1455 391 1492 nostro
419 1447 695 1492 seriueremo
723 1462 749 1491 a
777 1449 936 1501 Roma,
969 1448 1170 1493 secondo
1197 1447 1476 1501 l'ordinario,
1508 1449 1698 1493 abeneh'
1723 1446 1767 1491 io
1795 1447 1882 1489 du—

234 1525 316 1582 bitj
341 1539 391 1569 se
413 1525 443 1568 il
465 1526 722 1569 collaterale
745 1525 861 1569 debe
883 1525 1060 1570 auisare
1082 1526 1199 1570 delle
1221 1524 1327 1569 co‘se
1344 1524 1585 1580 ordinarie,
1605 1539 1632 1568 o
1649 1525 1746 1568 solo
1763 1524 1882 1568 delle

237 1602 600 1647 estraordinarie.

324 1668 362 1723 ΪΞ
384 1694 516 1736 parso
538 1695 564 1723 a
587 1680 690 1736 tuttj
715 1695 765 1724 se
786 1680 904 1736 dessj
927 1680 971 1723 13
993 1680 1136 1724 classe
1158 1679 1396 1738 maggiore
1418 1695 1445 1723 a
1473 1681 1535 1723 M.
1562 1678 1760 1724 Valerio:
1791 1693 1880 1722 con

236 1764 415 1813 questo,
451 1759 536 1800 che
570 1759 633 1801 M.
669 1757 857 1801 Andrea
886 1757 1075 1814 leggera
1107 1758 1270 1801 alcuna
1301 1757 1489 1802 lettione
1511 1771 1591 1813 per
1613 1756 1744 1801 finire
1766 1756 1876 1812 certj

235 1834 336 1890 librj
367 1833 738 1890 incomminciatj,
769 1849 900 1879 corne
931 1835 975 1878 lo
1003 1836 1239 1892 preghano
1261 1834 1325 1891 gli
1353 1834 1532 1890 scolarj,
1557 1841 1603 1877 et
1630 1836 1692 1878 M.
1714 1833 1880 1891 Joanni

236 1911 416 1968 Ignatio
438 1919 559 1956 resta
580 1912 698 1955 nella
721 1910 790 1955 23²
814 1912 973 1966 classe3
999 1913 1042 1955 13
1065 1911 1134 1967 3f²
1157 1926 1267 1955 uero
1288 1913 1331 1955 13
1354 1913 1449 1955 fara
1472 1913 1622 1968 quello
1644 1913 1729 1955 che
1747 1912 1881 1954 uorra

236 1989 295 2032 V.
323 1989 375 2031 R.
405 1990 479 2041 P.,
506 2002 636 2033 come
657 1988 808 2032 serissi
831 1988 876 2032 io
898 1990 1048 2032 l'altra
1075 1988 1317 2034 settimana
1345 1989 1377 2032 ².

329 2066 486 2122 Hoggj
528 2066 777 2122 (eommunj
819 2067 1009 2110 fratrum
1046 2066 1294 2123 consensu)
1333 2065 1589 2110 mandiamo
1631 2081 1658 2108 a
1693 2066 1729 2109 F
1733 2079 1883 2110 errara

236 2143 390 2198 quello
414 2142 606 2195 nouitio,
638 2150 854 2198 tanquam
881 2145 1048 2199 hospes
1077 2143 1297 2199 rieeputo:
1330 2144 1513 2199 quando
1541 2145 1672 2188 verra
1698 2143 1742 2185 la
1763 2156 1883 2186 noua

238 2220 298 2263 da
321 2222 378 2264 V.
406 2222 461 2264 R.
489 2222 562 2273 P.,
586 2227 737 2263 utrum
761 2222 924 2265 debeat
943 2220 1099 2277 recipj,
1119 2228 1165 2264 et
1187 2220 1233 2263 in
1256 2223 1342 2265 che
1362 2221 1514 2275 modo,
1534 2220 1825 2263 mandaremo
1840 2219 1884 2262 13

240 2297 329 2340 tale
361 2297 636 2341 resolutione
668 2298 710 2340 al
742 2299 795 2340 P.
835 2298 1097 2341 Pelettario.
1133 2300 1237 2342 Due
1269 2298 1442 2354 ragionj
1477 2297 1518 2341 ei
1549 2298 1737 2341 l'hanno
1770 2297 1882 2340 fatto

238 2374 454 2418 mandare
477 2389 502 2417 a
524 2376 559 2417 F
563 2389 713 2417 errara
734 2374 781 2417 in
806 2375 954 2419 fretta.
982 2376 1131 2418 L’una
1152 2376 1193 2428 e,
1218 2374 1328 2418 ch’il
1352 2377 1404 2418 P.
1432 2376 1493 2418 M.
1521 2373 1767 2419 Pelettario
1790 2379 1881 2417 ter·
1950 2426 1955 2433 ¹

239 2450 302 2494 tio
325 2465 506 2506 quoque
529 2450 618 2505 die,
644 2451 718 2494 uel
740 2452 899 2495 saltem
920 2451 1007 2506 4⁰,
1033 2452 1071 2507 ej
1098 2466 1300 2508 pregaua
1321 2453 1407 2496 che
1429 2466 1521 2494 non
1549 2449 1882 2494 manchassimo

239 2528 284 2583 dj
317 2528 535 2584 mandarlj
571 2535 724 2584 presto
754 2543 860 2581 uno,
888 2530 961 2572 ch'
985 2529 1251 2585 l’agiutasse
1279 2529 1398 2572 nella
1425 2528 1604 2581 cucina,
1639 2527 1775 2571 etiam
1796 2541 1883 2570 con

240 2604 430 2661 premio,
446 2620 472 2648 o
490 2604 537 2647 in
555 2606 660 2662 qual
677 2606 811 2648 modo
829 2605 866 2648 si
883 2605 1062 2662 poteuass
1081 2606 1253 2650 L'altra
1269 2607 1310 2659 e,
1326 2607 1565 2650 c'hauemo
1583 2603 1884 2661 cognosciuto

241 2682 349 2737 quel
371 2681 569 2739 giouane
592 2684 730 2726 esser'
762 2682 804 2737 dj
837 2677 993 2727 tenero
1022 2682 1171 2726 animo
1200 2697 1334 2727 uerso
1361 2682 1426 2739 gli
1453 2682 1644 2738 parenij,
1670 2688 1716 2724 et
1743 2680 1775 2723 il
1802 2695 1886 2724 suo

243 2760 382 2815 padre
410 2760 565 2802 douer'
596 2759 643 2802 in
674 2761 815 2804 breue
843 2760 1001 2804 uenire
1030 2775 1056 2803 3
1084 2759 1288 2804 uisitarlo
1309 2759 1355 2802 in
1387 2760 1597 2804 Modena:
1622 2759 1665 2802 la
1686 2758 1757 2814 cuj
1782 2771 1886 2815 pre-

314 2925 326 2946 ¹
378 2927 437 2961 Ex
455 2927 696 2983 autographo
714 2926 754 2962 in
772 2927 853 2962 vol.
880 2926 1199 2974 Informationes
1215 2927 1422 2973 antiquae,
1441 2925 1590 2973 duplici
1607 2924 1714 2970 folio,
1733 2936 1772 2960 n.
1791 2925 1828 2971 6,
1842 2932 1878 2970 7,

239 2985 348 3031 prius
368 2984 453 3032 359,
474 2985 560 3021 360.

292 3047 306 3066 2
358 3046 431 3080 Ms.
451 3046 513 3081 hic
530 3049 567 3081 et
585 3046 742 3087 deinde,
762 3053 847 3090 7.ῐιει
