2060 3432
800 280 936 316 Immx
961 287 1153 316 comcuu
1662 279 1740 316 :881

154 379 271 424 libro
291 387 371 424 aut
394 380 528 435 foliis,
553 381 677 437 prelo
699 380 895 435 excusis,
919 380 1111 436 alicujus
1130 380 1349 437 praesulis
1377 371 1618 424 scutariam
1648 387 1791 425 tesse-

156 472 253 501 ram
280 457 377 501 sive
405 458 678 514 symbolum,
710 464 756 503 et
783 457 1059 502 ornamentis
1087 456 1290 510 retentis,
1321 472 1437 513 quae
1468 456 1664 514 spatium
1692 473 1789 502 me-

124 533 299 587 ·‘dium,
325 534 403 577 ubi
432 534 600 591 aliquid
627 541 724 579 erat
754 534 988 591 scriptum,
1019 533 1362 588 circundabant,
1387 536 1474 577 hoc
1501 534 1712 587 detraxit,
1743 542 1790 578 et

155 618 261 668 apte
282 611 507 655 submissa
530 611 576 654 in
599 612 699 668 ejus
719 613 868 656 locum
891 626 1076 668 papyro,
1104 611 1148 654 in
1169 627 1223 656 ea
1245 611 1443 664 titulum,
1464 625 1598 667 quem
1619 611 1790 655 descri—

153 687 345 745 psimus,
370 687 588 732 exaravit.
614 689 780 732 Adhuc
802 703 911 733 vero
937 688 1105 745 legitur
1132 690 1219 731 hoc
1246 687 1473 731 distichon
1494 688 1541 730 in
1563 688 1661 744 ipsa
1682 702 1789 731 scu-

156 765 268 810 taria
291 771 477 818 tessera,
503 765 665 809 litteris
692 765 739 808 in
766 766 922 810 orbem
950 764 1184 822 scriptum,
1209 765 1327 808 insra
1348 773 1554 808 sanctum
1571 767 1683 823 Jesu
1705 780 1789 809 no-

154 857 276 895 men,
297 857 324 885 a
339 841 614 887 Santivanez
632 841 879 899 appictum:
904 842 1024 898 «Qui
1041 843 1218 886 cunctis
1234 843 1449 900 prodesse
1466 843 1638 895 studes,
1653 842 1790 886 nulli-

154 932 244 974 que
265 932 446 971 nocere,
477 917 484 976 Ι
511 920 613 964 Neu
636 918 818 975 proprio
839 926 1023 964 careant
1043 920 1242 976 pondere
1264 919 1448 976 scripta,
1474 920 1622 964 saue.»

243 996 293 1038 ln
321 994 467 1051 primo
506 996 633 1048 folio,
666 1011 711 1039 n.
752 1009 769 1039 1
801 995 1003 1053 signato,
1035 996 1100 1040 sic
1130 996 1287 1053 incipit
1321 996 1511 1053 epistola
1541 996 1629 1039 Bti.
1663 996 1789 1041 Petri

154 1071 290 1116 Fabri
312 1073 371 1115 ad
395 1075 446 1116 P.
481 1072 665 1127 Lainez,
690 1088 845 1117 mense
867 1073 990 1131 Julio
1023 1074 1135 1128 1546
1162 1074 1289 1117 data:
1325 1075 1444 1131 «Jhs.
1477 1073 1482 1131 Ι
1510 1073 1788 1117 Charissimo

154 1163 213 1193 en
235 1148 322 1192 X.⁰
345 1150 469 1194 her.⁰
497 1149 504 1207 Ι
531 1151 597 1194 La
624 1156 722 1206 gra.
749 1165 779 1206 y
805 1165 889 1206 paz
911 1151 969 1195 de
997 1165 1094 1193 nro.
1122 1150 1380 1207 redemptor
1407 1165 1485 1194 sea
1515 1151 1709 1207 siempre
1730 1165 1787 1194 en

154 1240 277 1270 nras.
308 1225 316 1284 Ι
343 1227 498 1270 almas.
525 1227 567 1270 el
588 1228 890 1270 secreta.⁰...»

244 1303 378 1347 Hanc
407 1303 643 1360 epistolam
671 1304 785 1349 aliae
813 1311 1155 1360 consequuntur
1185 1306 1373 1347 Patrum
1396 1303 1588 1356 Lainez,
1615 1305 1784 1356 Ara02,

156 1380 308 1432 Plaza,
336 1382 471 1424 Bern.
498 1380 896 1435 Realin0,’Caf1as,
929 1383 983 1424 R.
1017 1380 1251 1434 Personio,
1276 1381 1499 1437 Alphonsi
1530 1380 1789 1437 Rodriguez

154 1462 291 1511 atque
312 1457 516 1500 aliorum.
547 1460 806 1502 Postremae
828 1465 935 1502 sunt
956 1457 1196 1501 cardinalis
1213 1458 1456 1510 Sandoval,
1476 1457 1554 1512 qui
1575 1457 1636 1501 ita
1658 1458 1789 1500 volu-

155 1548 261 1577 men
277 1533 462 1577 claudit:
487 1550 542 1590 «y
560 1535 689 1578 todos
704 1535 772 1579 los
794 1535 851 1580 de
873 1550 973 1579 essa
995 1536 1097 1580 S,ta
1119 1535 1236 1578 Casa
1263 1534 1268 1592 Ι
1297 1535 1339 1579 61
1362 1535 1486 1578 Carl.
1508 1534 1785 1579 Sandoual.»

244 1610 485 1654 Caeterum
508 1626 601 1655 non
622 1611 773 1655 omnia
794 1619 1089 1656 monumenta
1109 1612 1301 1667 hujusce
1324 1610 1564 1654 voluminis
1586 1611 1789 1667 ejusdem

155 1694 264 1730 sunt
284 1687 430 1744 pretii.
457 1689 625 1731 Eorum
647 1687 767 1733 enim
795 1695 1005 1732 auctores
1033 1688 1106 1731 alii
1135 1688 1316 1744 quidem
1343 1688 1498 1744 magni
1527 1687 1721 1731 nominis
1742 1694 1789 1731 et

156 1764 438 1808 auctoritatis
459 1772 718 1820 censentur,
744 1766 819 1809 alii
846 1781 955 1810 vero
983 1766 1197 1823 vulgares
1226 1772 1348 1808 sunt:
1381 1772 1651 1821 argumenta
1678 1764 1787 1809 item

154 1840 333 1897 saepius
360 1841 407 1884 in
433 1856 482 1886 re
511 1842 656 1899 gravi,
691 1857 1031 1898 nonnumquam
1059 1843 1106 1885 in
1133 1842 1383 1887 leviuscula
1410 1849 1664 1885 versantur.
1690 1843 1789 1885 Nec

153 1917 304 1960 omnia
334 1919 392 1962 ad
421 1918 660 1975 epistolare
692 1934 839 1976 genus
877 1919 1117 1976 pertinent.
1153 1919 1229 1964 Sic
1262 1933 1368 1976 pag.
1402 1931 1457 1974 23
1486 1918 1710 1975 reperitur
1731 1933 1787 1962 ex

155 1995 208 2036 P.
229 1995 405 2051 Joanne
426 1996 596 2039 Suarez
621 1997 835 2041 «Summa
851 1996 967 2040 dela
989 1996 1153 2052 platica
1169 2011 1258 2051 que
1273 1995 1372 2039 hize
1390 1999 1493 2050 aqui
1512 2011 1568 2039 en
1586 1994 1751 2038 Vallid.
1765 2013 1782 2034 ›>

157 2071 642 2129 [Valladolid].-Pag.
688 2084 767 2128 125
800 2074 1016 2130 leguntur
1047 2074 1267 2128 quaedam
1300 2072 1499 2116 carmina
1535 2072 1673 2115 «Ario
1708 2072 1785 2114 Pi-

154 2147 319 2200 nello»,
333 2161 526 2202 quorum
539 2148 717 2192 initium
732 2157 816 2193 est:
834 2150 1086 2193 «Iustitium
1101 2157 1185 2202 est,
1203 2151 1421 2206 legesque
1437 2149 1586 2200 silent,
1604 2149 1786 2203 quando

155 2238 235 2267 ora
263 2223 465 2268 Pinellus
492 2224 498 2283 Ι
526 2234 803 2281 postremum
838 2226 1267 2283 clausit...»-—Pag.
1308 2237 1417 2281 245,
1450 2226 1568 2282 typis
1603 2225 1785 2281 quidem

153 2301 382 2355 mandata,
406 2301 737 2346 interseruntur
759 2304 862 2346 folia
883 2318 978 2355 sex,
1000 2319 1045 2346 n.
1067 2304 1267 2358 245-246
1288 2305 1627 2359 comprehensa:
1653 2301 1785 2345 «Dis-

152 2391 286 2421 curso
314 2378 320 2435 Ι
347 2379 404 2423 de
425 2379 467 2421 la
489 2378 592 2422 vida
613 2381 857 2436 exemplar,
888 2380 894 2438 Ι
922 2380 1186 2433 exercicios,
1205 2396 1235 2437 y
1251 2383 1425 2424 mverte'
1445 2380 1517 2423 del
1544 2378 1550 2437 Ι
1579 2380 1775 2422 Venera-

151 2455 226 2497 ble
248 2455 394 2499 Padre
416 2456 452 2498 F
454 2457 655 2516 ernando
683 2455 689 2513 Ι
716 2457 774 2501 de
801 2457 1124 2501 Contreras...»
1158 2458 1259 2501 Hoc
1288 2463 1631 2500 monumentum
1659 2454 1784 2498 exci-

151 2530 232 2586 pit,
253 2545 358 2587 pag.
381 2543 519 2585 247-2
525 2542 597 2586 50,
613 2532 824 2586 narratio,
839 2532 974 2576 etiam
992 2534 1116 2590 prelo
1133 2534 1352 2589 subjecta:
1378 2531 1616 2577 «Relacion
1635 2546 1784 2575 nueva

151 2621 181 2662 y
202 2606 342 2651 cierta
365 2622 452 2663 que
474 2608 589 2669 escri
616 2608 623 2666 Ι
651 2623 709 2653 ue
734 2610 776 2652 el
798 2611 851 2652 Ρ.
878 2610 1058 2654 Andres
1079 2611 1137 2653 de
1159 2611 1390 2661 Andrada,
1412 2608 1640 2665 Religioso
1662 2608 1720 2652 de
1740 2608 1782 2651 la

153 2683 403 2739 Compafiia
425 2685 482 2727 de
503 2686 645 2739 Iesus,
669 2701 727 2729 en
749 2693 896 2730 cartas
923 2686 929 2743 Ι
958 2701 1046 2742 que
1066 2687 1268 2744 llegaron
1287 2694 1384 2731 este
1401 2693 1488 2729 ano
1505 2686 1562 2729 de
1585 2685 1779 2742 1629...»

150 2765 239 2803 etc.
267 2760 503 2815 Quaedam
524 2761 660 2805 etiam
687 2769 983 2819 transumpta,
1008 2763 1114 2807 hinc
1143 2763 1248 2807 inde
1276 2764 1480 2815 collecta,
1506 2761 1781 2806 Santivafiez

151 2834 358 2880 inseruit.

239 2914 408 2957 Verum
433 2914 649 2970 epistolae
667 2916 805 2959 ferme
821 2930 994 2969 omnes,
1015 2923 1065 2959 ut
1082 2932 1138 2961 ex
1154 2931 1308 2960 earum
1326 2914 1673 2970 subscriptione,
1693 2913 1778 2969 pli-

150 2988 318 3032 caturis
335 2996 380 3034 et
397 3004 527 3035 cerae
543 2991 751 3048 vestigiis·
766 2993 912 3048 palam
934 2993 1001 3046 fit,
1027 2995 1336 3050 autographae
1359 2992 1540 3048 quidem
1563 2997 1685 3041 sunt,
1712 2997 1774 3042 et,

149 3065 206 3107 ad
228 3080 342 3120 quos
363 3066 723 3122 destinabantur,
747 3068 924 3112 missae.

361 3143 553 3172 Epmoun
573 3144 722 3181 Mum-Ait,
742 3152 820 3174 τοΜ.
844 3152 893 3174 Π.
1556 3143 1591 3171 56
