<?xml version="1.0" encoding="UTF-8"?>
<!DOCTYPE html PUBLIC "-//W3C//DTD XHTML 1.0 Transitional//EN"
    "http://www.w3.org/TR/xhtml1/DTD/xhtml1-transitional.dtd">
<html xmlns="http://www.w3.org/1999/xhtml" xml:lang="en" lang="en">
 <head>
  <title>
</title>
<meta http-equiv="Content-Type" content="text/html;charset=utf-8" />
  <meta name='ocr-system' content='tesseract 3.04.00' />
  <meta name='ocr-capabilities' content='ocr_page ocr_carea ocr_par ocr_line ocrx_word'/>
</head>
<body>
  <div class='ocr_page' id='page_1' title='image "./epistolaemixtaee04matruoft_0046.png"; bbox 0 0 2054 3496; ppageno 0'>
   <div class='ocr_carea' id='block_1_1' title="bbox 273 259 1322 306">
    <p class='ocr_par' dir='ltr' id='par_1_1' title="bbox 273 259 1322 306">
     <span class='ocr_line' id='line_1_1' title="bbox 273 259 1322 306; baseline 0.011 -21"><span class='ocrx_word' id='word_1_1' title='bbox 273 269 322 306; x_wconf 84' lang='lat'><strong>40</strong></span> <span class='ocrx_word' id='word_1_2' title='bbox 767 259 1007 295; x_wconf 70' lang='lat' dir='ltr'><strong>prs&#39;rOLAE</strong></span> <span class='ocrx_word' id='word_1_3' title='bbox 1033 259 1297 305; x_wconf 72' lang='lat' dir='ltr'><strong>M1x’rAE-75</strong></span> <span class='ocrx_word' id='word_1_4' title='bbox 1301 268 1322 306; x_wconf 90' lang='lat'>5</span> 
     </span>
    </p>
   </div>
   <div class='ocr_carea' id='block_1_2' title="bbox 222 359 1879 2874">
    <p class='ocr_par' dir='ltr' id='par_1_2' title="bbox 222 359 1879 2874">
     <span class='ocr_line' id='line_1_2' title="bbox 225 359 1869 420; baseline 0 -15"><span class='ocrx_word' id='word_1_5' title='bbox 225 360 373 415; x_wconf 86' lang='lat' dir='ltr'><strong>cuori,</strong></span> <span class='ocrx_word' id='word_1_6' title='bbox 398 359 520 416; x_wconf 84' lang='lat' dir='ltr'><strong>quali</strong></span> <span class='ocrx_word' id='word_1_7' title='bbox 538 360 866 405; x_wconf 84' lang='lat' dir='ltr'><strong>desiderauano</strong></span> <span class='ocrx_word' id='word_1_8' title='bbox 894 375 985 404; x_wconf 90' lang='lat' dir='ltr'><strong>vno</strong></span> <span class='ocrx_word' id='word_1_9' title='bbox 1013 361 1071 406; x_wconf 92' lang='lat' dir='ltr'><strong>de</strong></span> <span class='ocrx_word' id='word_1_10' title='bbox 1098 361 1236 417; x_wconf 91' lang='lat' dir='ltr'><strong>quelli</strong></span> <span class='ocrx_word' id='word_1_11' title='bbox 1258 361 1360 406; x_wconf 91' lang='lat' dir='ltr'><strong>Rdi.</strong></span> <span class='ocrx_word' id='word_1_12' title='bbox 1392 362 1573 420; x_wconf 87' lang='lat' dir='ltr'><strong>colegii‚</strong></span> <span class='ocrx_word' id='word_1_13' title='bbox 1608 369 1654 406; x_wconf 87' lang='lat' dir='ltr'><strong>et</strong></span> <span class='ocrx_word' id='word_1_14' title='bbox 1690 363 1748 407; x_wconf 87' lang='lat' dir='ltr'><strong>da</strong></span> <span class='ocrx_word' id='word_1_15' title='bbox 1791 362 1869 406; x_wconf 77' lang='lat' dir='ltr'><strong>noi</strong></span> 
     </span>
     <span class='ocr_line' id='line_1_3' title="bbox 228 438 1867 495; baseline 0 -12"><span class='ocrx_word' id='word_1_16' title='bbox 228 438 362 483; x_wconf 84' lang='lat' dir='ltr'><strong>stessi</strong></span> <span class='ocrx_word' id='word_1_17' title='bbox 383 453 476 482; x_wconf 92' lang='lat' dir='ltr'><strong>non</strong></span> <span class='ocrx_word' id='word_1_18' title='bbox 498 438 698 495; x_wconf 82' lang='lat' dir='ltr'><strong>sapendo</strong></span> <span class='ocrx_word' id='word_1_19' title='bbox 721 439 806 483; x_wconf 91' lang='lat' dir='ltr'><strong>che</strong></span> <span class='ocrx_word' id='word_1_20' title='bbox 836 439 976 482; x_wconf 92' lang='lat' dir='ltr'><strong>modo</strong></span> <span class='ocrx_word' id='word_1_21' title='bbox 1000 438 1159 492; x_wconf 87' lang='lat' dir='ltr'><strong>tenire,</strong></span> <span class='ocrx_word' id='word_1_22' title='bbox 1183 441 1243 482; x_wconf 90' lang='lat' dir='ltr'><strong>ha</strong></span> <span class='ocrx_word' id='word_1_23' title='bbox 1263 439 1515 483; x_wconf 82' lang='lat' dir='ltr'><strong>illuminato</strong></span> <span class='ocrx_word' id='word_1_24' title='bbox 1537 439 1568 482; x_wconf 94' lang='lat' dir='ltr'><strong>il</strong></span> <span class='ocrx_word' id='word_1_25' title='bbox 1589 446 1745 483; x_wconf 91' lang='lat' dir='ltr'><strong>nostro</strong></span> <span class='ocrx_word' id='word_1_26' title='bbox 1768 454 1867 483; x_wconf 83' lang='lat' dir='ltr'><strong>rna-</strong></span> 
     </span>
     <span class='ocr_line' id='line_1_4' title="bbox 223 514 1866 572; baseline -0.001 -12"><span class='ocrx_word' id='word_1_27' title='bbox 223 523 320 560; x_wconf 87' lang='lat' dir='ltr'><strong>stro</strong></span> <span class='ocrx_word' id='word_1_28' title='bbox 336 516 393 559; x_wconf 85' lang='lat' dir='ltr'><strong>da</strong></span> <span class='ocrx_word' id='word_1_29' title='bbox 409 515 580 568; x_wconf 85' lang='lat' dir='ltr'><strong>schola,</strong></span> <span class='ocrx_word' id='word_1_30' title='bbox 601 516 721 572; x_wconf 84' lang='lat' dir='ltr'>qual’</span> <span class='ocrx_word' id='word_1_31' title='bbox 746 516 772 559; x_wconf 77' lang='grc' dir='ltr'>ὲ</span> <span class='ocrx_word' id='word_1_32' title='bbox 795 514 954 572; x_wconf 86' lang='lat' dir='ltr'><strong>gentil&#39;</strong></span> <span class='ocrx_word' id='word_1_33' title='bbox 974 517 1143 559; x_wconf 92' lang='lat' dir='ltr'><strong>huomo</strong></span> <span class='ocrx_word' id='word_1_34' title='bbox 1164 522 1210 559; x_wconf 87' lang='lat' dir='ltr'><strong>et</strong></span> <span class='ocrx_word' id='word_1_35' title='bbox 1232 516 1445 572; x_wconf 85' lang='lat' dir='ltr'><strong>giouane,</strong></span> <span class='ocrx_word' id='word_1_36' title='bbox 1465 516 1511 559; x_wconf 91' lang='lat' dir='ltr'><strong>di</strong></span> <span class='ocrx_word' id='word_1_37' title='bbox 1533 518 1702 561; x_wconf 83' lang='lat' dir='ltr'><strong>andare</strong></span> <span class='ocrx_word' id='word_1_38' title='bbox 1723 531 1749 560; x_wconf 86' lang='lat' dir='ltr'>a</span> <span class='ocrx_word' id='word_1_39' title='bbox 1765 524 1866 560; x_wconf 91' lang='lat' dir='ltr'><strong>stu-</strong></span> 
     </span>
     <span class='ocr_line' id='line_1_5' title="bbox 222 591 1860 650; baseline -0.001 -14"><span class='ocrx_word' id='word_1_40' title='bbox 222 593 316 648; x_wconf 88' lang='lat' dir='ltr'><strong>dio,</strong></span> <span class='ocrx_word' id='word_1_41' title='bbox 342 599 388 636; x_wconf 88' lang='lat' dir='ltr'><strong>et</strong></span> <span class='ocrx_word' id='word_1_42' title='bbox 409 592 532 636; x_wconf 80' lang='lat' dir='ltr'><strong>cosei</strong></span> <span class='ocrx_word' id='word_1_43' title='bbox 556 591 621 650; x_wconf 86' lang='lat' dir='ltr'><strong>gli</strong></span> <span class='ocrx_word' id='word_1_44' title='bbox 641 592 667 638; x_wconf 74' lang='lat' dir='ltr'><strong>e</strong></span> <span class='ocrx_word' id='word_1_45' title='bbox 688 593 869 637; x_wconf 80' lang='lat' dir='ltr'><strong>andato.</strong></span> <span class='ocrx_word' id='word_1_46' title='bbox 896 593 1081 636; x_wconf 83' lang='lat' dir='ltr'><strong>Laonde</strong></span> <span class='ocrx_word' id='word_1_47' title='bbox 1109 594 1221 636; x_wconf 86' lang='lat' dir='ltr'><strong>hora</strong></span> <span class='ocrx_word' id='word_1_48' title='bbox 1241 595 1437 636; x_wconf 84' lang='lat' dir='ltr'><strong>hauemo</strong></span> <span class='ocrx_word' id='word_1_49' title='bbox 1464 593 1765 650; x_wconf 86' lang='lat' dir='ltr'><strong>grandissimo</strong></span> <span class='ocrx_word' id='word_1_50' title='bbox 1791 593 1860 636; x_wconf 92' lang='lat' dir='ltr'><strong>bi—</strong></span> 
     </span>
     <span class='ocr_line' id='line_1_6' title="bbox 224 668 1870 728; baseline 0 -14"><span class='ocrx_word' id='word_1_51' title='bbox 224 670 388 728; x_wconf 83' lang='lat' dir='ltr'><strong>sognio</strong></span> <span class='ocrx_word' id='word_1_52' title='bbox 410 671 454 713; x_wconf 84' lang='lat' dir='ltr'><strong>d’</strong></span> <span class='ocrx_word' id='word_1_53' title='bbox 479 685 573 714; x_wconf 91' lang='lat' dir='ltr'><strong>uno</strong></span> <span class='ocrx_word' id='word_1_54' title='bbox 597 678 766 714; x_wconf 84' lang='lat' dir='ltr'><strong>mastro</strong></span> <span class='ocrx_word' id='word_1_55' title='bbox 797 668 856 714; x_wconf 84' lang='lat' dir='ltr'><strong>da</strong></span> <span class='ocrx_word' id='word_1_56' title='bbox 877 671 1048 723; x_wconf 82' lang='lat' dir='ltr'><strong>schola,</strong></span> <span class='ocrx_word' id='word_1_57' title='bbox 1068 670 1130 713; x_wconf 93' lang='lat' dir='ltr'><strong>dil</strong></span> <span class='ocrx_word' id='word_1_58' title='bbox 1153 672 1238 715; x_wconf 93' lang='lat' dir='ltr'><strong>che</strong></span> <span class='ocrx_word' id='word_1_59' title='bbox 1259 670 1653 715; x_wconf 87' lang='lat' dir='ltr'><strong>licentiosamente</strong></span> <span class='ocrx_word' id='word_1_60' title='bbox 1669 673 1870 716; x_wconf 86' lang='lat' dir='ltr'><strong>hauemo</strong></span> 
     </span>
     <span class='ocr_line' id='line_1_7' title="bbox 224 746 1864 805; baseline 0 -15"><span class='ocrx_word' id='word_1_61' title='bbox 224 747 430 805; x_wconf 82' lang='lat' dir='ltr'><strong>pilgliato</strong></span> <span class='ocrx_word' id='word_1_62' title='bbox 452 747 598 792; x_wconf 85' lang='lat' dir='ltr'><strong>ardire</strong></span> <span class='ocrx_word' id='word_1_63' title='bbox 621 748 722 791; x_wconf 82' lang='lat' dir='ltr'>dala</span> <span class='ocrx_word' id='word_1_64' title='bbox 744 747 1038 791; x_wconf 82' lang='lat' dir='ltr'><strong>humanitade</strong></span> <span class='ocrx_word' id='word_1_65' title='bbox 1062 748 1118 791; x_wconf 92' lang='lat' dir='ltr'><strong>de</strong></span> <span class='ocrx_word' id='word_1_66' title='bbox 1141 749 1199 792; x_wconf 92' lang='lat' dir='ltr'><strong>V.</strong></span> <span class='ocrx_word' id='word_1_67' title='bbox 1228 749 1282 791; x_wconf 91' lang='lat' dir='ltr'><strong>R.</strong></span> <span class='ocrx_word' id='word_1_68' title='bbox 1312 749 1386 801; x_wconf 90' lang='grc' dir='ltr'><strong>Ρ.,</strong></span> <span class='ocrx_word' id='word_1_69' title='bbox 1412 746 1670 803; x_wconf 85' lang='lat' dir='ltr'><strong>supplicarli</strong></span> <span class='ocrx_word' id='word_1_70' title='bbox 1696 747 1864 790; x_wconf 90' lang='lat' dir='ltr'><strong>humil-</strong></span> 
     </span>
     <span class='ocr_line' id='line_1_8' title="bbox 224 823 1870 881; baseline 0 -14"><span class='ocrx_word' id='word_1_71' title='bbox 224 831 378 870; x_wconf 90' lang='lat' dir='ltr'><strong>mente</strong></span> <span class='ocrx_word' id='word_1_72' title='bbox 398 838 451 868; x_wconf 86' lang='lat' dir='ltr'><strong>ce</strong></span> <span class='ocrx_word' id='word_1_73' title='bbox 473 824 612 881; x_wconf 85' lang='lat' dir='ltr'><strong>degni</strong></span> <span class='ocrx_word' id='word_1_74' title='bbox 634 825 846 879; x_wconf 84' lang='lat' dir='ltr'><strong>adonque</strong></span> <span class='ocrx_word' id='word_1_75' title='bbox 868 825 1153 869; x_wconf 88' lang='lat' dir='ltr'><strong>concederne</strong></span> <span class='ocrx_word' id='word_1_76' title='bbox 1175 823 1207 866; x_wconf 91' lang='lat' dir='ltr'><strong>il</strong></span> <span class='ocrx_word' id='word_1_77' title='bbox 1237 824 1421 868; x_wconf 88' lang='lat' dir='ltr'><strong>sudetto</strong></span> <span class='ocrx_word' id='word_1_78' title='bbox 1446 831 1619 877; x_wconf 84' lang='lat' dir='ltr'><strong>curato,</strong></span> <span class='ocrx_word' id='word_1_79' title='bbox 1645 838 1784 868; x_wconf 87' lang='lat' dir='ltr'><strong>ouero</strong></span> <span class='ocrx_word' id='word_1_80' title='bbox 1804 839 1870 867; x_wconf 83' lang='lat' dir='ltr'><strong>vn</strong></span> 
     </span>
     <span class='ocr_line' id='line_1_9' title="bbox 225 900 1862 958; baseline 0 -14"><span class='ocrx_word' id='word_1_81' title='bbox 225 902 355 954; x_wconf 86' lang='lat' dir='ltr'><strong>altro,</strong></span> <span class='ocrx_word' id='word_1_82' title='bbox 387 902 532 957; x_wconf 66' lang='lat' dir='ltr'><strong>come}</strong></span> <span class='ocrx_word' id='word_1_83' title='bbox 549 916 575 945; x_wconf 93' lang='grc'><strong>3</strong></span> <span class='ocrx_word' id='word_1_84' title='bbox 602 902 736 956; x_wconf 82' lang='lat' dir='ltr'><strong>quela</strong></span> <span class='ocrx_word' id='word_1_85' title='bbox 758 900 943 958; x_wconf 87' lang='lat' dir='ltr'><strong>melglio</strong></span> <span class='ocrx_word' id='word_1_86' title='bbox 971 900 1036 957; x_wconf 84' lang='lat' dir='ltr'><strong>gli</strong></span> <span class='ocrx_word' id='word_1_87' title='bbox 1068 900 1212 956; x_wconf 80' lang='lat' dir='ltr'>piace,</span> <span class='ocrx_word' id='word_1_88' title='bbox 1238 907 1414 944; x_wconf 82' lang='lat' dir='ltr'><strong>mentre</strong></span> <span class='ocrx_word' id='word_1_89' title='bbox 1442 900 1497 945; x_wconf 85' lang='lat' dir='ltr'><strong>sii</strong></span> <span class='ocrx_word' id='word_1_90' title='bbox 1528 900 1573 944; x_wconf 94' lang='lat' dir='ltr'><strong>di</strong></span> <span class='ocrx_word' id='word_1_91' title='bbox 1603 902 1736 956; x_wconf 85' lang='lat' dir='ltr'><strong>quela</strong></span> <span class='ocrx_word' id='word_1_92' title='bbox 1763 901 1862 945; x_wconf 90' lang='lat' dir='ltr'><strong>reli-</strong></span> 
     </span>
     <span class='ocr_line' id='line_1_10' title="bbox 226 977 1873 1036; baseline 0 -14"><span class='ocrx_word' id='word_1_93' title='bbox 226 977 363 1036; x_wconf 88' lang='lat' dir='ltr'><strong>gione</strong></span> <span class='ocrx_word' id='word_1_94' title='bbox 382 986 426 1023; x_wconf 91' lang='lat' dir='ltr'><strong>et</strong></span> <span class='ocrx_word' id='word_1_95' title='bbox 445 979 689 1023; x_wconf 82' lang='lat' dir='ltr'><strong>benedetta</strong></span> <span class='ocrx_word' id='word_1_96' title='bbox 707 977 1009 1035; x_wconf 79' lang='lat' dir='ltr'><strong>Compagnia,</strong></span> <span class='ocrx_word' id='word_1_97' title='bbox 1030 977 1249 1021; x_wconf 85' lang='lat' dir='ltr'><strong>inscieme</strong></span> <span class='ocrx_word' id='word_1_98' title='bbox 1270 980 1372 1021; x_wconf 87' lang='lat' dir='ltr'><strong>con’</strong></span> <span class='ocrx_word' id='word_1_99' title='bbox 1392 992 1483 1021; x_wconf 92' lang='lat' dir='ltr'><strong>vno</strong></span> <span class='ocrx_word' id='word_1_100' title='bbox 1501 984 1669 1022; x_wconf 84' lang='lat' dir='ltr'><strong>mastro</strong></span> <span class='ocrx_word' id='word_1_101' title='bbox 1686 978 1743 1021; x_wconf 84' lang='lat' dir='ltr'><strong>da</strong></span> <span class='ocrx_word' id='word_1_102' title='bbox 1765 992 1873 1022; x_wconf 92' lang='lat' dir='ltr'><strong>sco—</strong></span> 
     </span>
     <span class='ocr_line' id='line_1_11' title="bbox 225 1054 1875 1111; baseline 0 -12"><span class='ocrx_word' id='word_1_103' title='bbox 225 1056 284 1109; x_wconf 87' lang='lat' dir='ltr'><strong>la,</strong></span> <span class='ocrx_word' id='word_1_104' title='bbox 324 1062 370 1099; x_wconf 90' lang='lat' dir='ltr'><strong>et</strong></span> <span class='ocrx_word' id='word_1_105' title='bbox 398 1070 567 1099; x_wconf 85' lang='lat' dir='ltr'><strong>ancora</strong></span> <span class='ocrx_word' id='word_1_106' title='bbox 603 1071 664 1098; x_wconf 92' lang='lat' dir='ltr'><strong>vn</strong></span> <span class='ocrx_word' id='word_1_107' title='bbox 696 1056 811 1098; x_wconf 83' lang='lat' dir='ltr'><strong>altro</strong></span> <span class='ocrx_word' id='word_1_108' title='bbox 845 1054 1134 1111; x_wconf 84' lang='lat' dir='ltr'><strong>compagnio,</strong></span> <span class='ocrx_word' id='word_1_109' title='bbox 1166 1069 1193 1098; x_wconf 85' lang='lat' dir='ltr'>a</span> <span class='ocrx_word' id='word_1_110' title='bbox 1229 1056 1386 1099; x_wconf 90' lang='lat' dir='ltr'><strong>effetto</strong></span> <span class='ocrx_word' id='word_1_111' title='bbox 1418 1068 1471 1099; x_wconf 92' lang='lat' dir='ltr'><strong>ce</strong></span> <span class='ocrx_word' id='word_1_112' title='bbox 1498 1054 1653 1111; x_wconf 84' lang='lat' dir='ltr'><strong>pianta</strong></span> <span class='ocrx_word' id='word_1_113' title='bbox 1686 1069 1778 1099; x_wconf 89' lang='lat' dir='ltr'><strong>vno</strong></span> <span class='ocrx_word' id='word_1_114' title='bbox 1814 1055 1875 1099; x_wconf 84' lang='lat' dir='ltr'><strong>de</strong></span> 
     </span>
     <span class='ocr_line' id='line_1_12' title="bbox 227 1131 1872 1189; baseline -0.001 -13"><span class='ocrx_word' id='word_1_115' title='bbox 227 1132 365 1189; x_wconf 88' lang='lat' dir='ltr'><strong>quelli</strong></span> <span class='ocrx_word' id='word_1_116' title='bbox 397 1132 500 1176; x_wconf 90' lang='lat' dir='ltr'><strong>suoi</strong></span> <span class='ocrx_word' id='word_1_117' title='bbox 529 1131 779 1177; x_wconf 85' lang='lat' dir='ltr'><strong>venerandi</strong></span> <span class='ocrx_word' id='word_1_118' title='bbox 812 1131 993 1188; x_wconf 85' lang='lat' dir='ltr'><strong>colegii,</strong></span> <span class='ocrx_word' id='word_1_119' title='bbox 1026 1132 1158 1187; x_wconf 87' lang='lat' dir='ltr'><strong>quale</strong></span> <span class='ocrx_word' id='word_1_120' title='bbox 1187 1131 1232 1174; x_wconf 92' lang='lat' dir='ltr'><strong>di</strong></span> <span class='ocrx_word' id='word_1_121' title='bbox 1258 1138 1430 1188; x_wconf 84' lang='lat' dir='ltr'><strong>quanto</strong></span> <span class='ocrx_word' id='word_1_122' title='bbox 1463 1133 1605 1176; x_wconf 89' lang='lat' dir='ltr'><strong>frutto</strong></span> <span class='ocrx_word' id='word_1_123' title='bbox 1632 1134 1748 1185; x_wconf 58' lang='lat' dir='ltr'><strong>sare,</strong></span> <span class='ocrx_word' id='word_1_124' title='bbox 1779 1147 1872 1176; x_wconf 88' lang='lat' dir='ltr'><strong>non</strong></span> 
     </span>
     <span class='ocr_line' id='line_1_13' title="bbox 228 1208 1875 1267; baseline -0.001 -13"><span class='ocrx_word' id='word_1_125' title='bbox 228 1217 354 1254; x_wconf 83' lang='lat' dir='ltr'><strong>tanto</strong></span> <span class='ocrx_word' id='word_1_126' title='bbox 375 1209 422 1253; x_wconf 92' lang='lat' dir='ltr'><strong>in</strong></span> <span class='ocrx_word' id='word_1_127' title='bbox 444 1215 605 1266; x_wconf 85' lang='lat' dir='ltr'><strong>queste</strong></span> <span class='ocrx_word' id='word_1_128' title='bbox 627 1210 793 1262; x_wconf 86' lang='lat' dir='ltr'><strong>bande,</strong></span> <span class='ocrx_word' id='word_1_129' title='bbox 821 1211 906 1252; x_wconf 91' lang='lat' dir='ltr'><strong>che</strong></span> <span class='ocrx_word' id='word_1_130' title='bbox 929 1208 1071 1252; x_wconf 80' lang='lat' dir='ltr'><strong>siamo</strong></span> <span class='ocrx_word' id='word_1_131' title='bbox 1100 1209 1148 1252; x_wconf 93' lang='lat' dir='ltr'><strong>in</strong></span> <span class='ocrx_word' id='word_1_132' title='bbox 1180 1209 1378 1253; x_wconf 89' lang='lat' dir='ltr'><strong>confinio</strong></span> <span class='ocrx_word' id='word_1_133' title='bbox 1405 1210 1492 1255; x_wconf 89' lang='lat' dir='ltr'><strong>del’</strong></span> <span class='ocrx_word' id='word_1_134' title='bbox 1530 1210 1804 1267; x_wconf 86' lang='lat' dir='ltr'><strong>Allamagna</strong></span> <span class='ocrx_word' id='word_1_135' title='bbox 1825 1216 1875 1255; x_wconf 87' lang='lat' dir='ltr'><strong>et</strong></span> 
     </span>
     <span class='ocr_line' id='line_1_14' title="bbox 226 1286 1876 1344; baseline -0.001 -13"><span class='ocrx_word' id='word_1_136' title='bbox 226 1287 513 1341; x_wconf 84' lang='lat' dir='ltr'><strong>Lombardia,</strong></span> <span class='ocrx_word' id='word_1_137' title='bbox 550 1293 722 1342; x_wconf 84' lang='lat' dir='ltr'><strong>quanto</strong></span> <span class='ocrx_word' id='word_1_138' title='bbox 756 1300 927 1330; x_wconf 84' lang='lat' dir='ltr'><strong>ancora</strong></span> <span class='ocrx_word' id='word_1_139' title='bbox 943 1286 1036 1330; x_wconf 92' lang='lat' dir='ltr'><strong>neli</strong></span> <span class='ocrx_word' id='word_1_140' title='bbox 1057 1286 1185 1343; x_wconf 86' lang='lat' dir='ltr'><strong>luogi</strong></span> <span class='ocrx_word' id='word_1_141' title='bbox 1207 1286 1453 1340; x_wconf 91' lang='lat' dir='ltr'><strong>conuicini‚</strong></span> <span class='ocrx_word' id='word_1_142' title='bbox 1489 1287 1606 1331; x_wconf 80' lang='lat' dir='ltr'><strong>saria</strong></span> <span class='ocrx_word' id='word_1_143' title='bbox 1630 1289 1706 1330; x_wconf 83' lang='lat' dir='ltr'><strong>un&#39;</strong></span> <span class='ocrx_word' id='word_1_144' title='bbox 1731 1287 1876 1344; x_wconf 86' lang='lat' dir='ltr'><strong>longo</strong></span> 
     </span>
     <span class='ocr_line' id='line_1_15' title="bbox 226 1363 1874 1421; baseline -0.001 -12"><span class='ocrx_word' id='word_1_145' title='bbox 226 1365 442 1417; x_wconf 87' lang='lat' dir='ltr'><strong>scriuere,</strong></span> <span class='ocrx_word' id='word_1_146' title='bbox 467 1371 513 1408; x_wconf 85' lang='lat' dir='ltr'><strong>et</strong></span> <span class='ocrx_word' id='word_1_147' title='bbox 535 1364 606 1407; x_wconf 83' lang='lat' dir='ltr'><strong>cio</strong></span> <span class='ocrx_word' id='word_1_148' title='bbox 629 1379 678 1408; x_wconf 81' lang='lat' dir='ltr'><strong>sa</strong></span> <span class='ocrx_word' id='word_1_149' title='bbox 700 1363 731 1406; x_wconf 94' lang='lat' dir='ltr'><strong>il</strong></span> <span class='ocrx_word' id='word_1_150' title='bbox 754 1363 912 1420; x_wconf 85' lang='lat' dir='ltr'><strong>signor</strong></span> <span class='ocrx_word' id='word_1_151' title='bbox 940 1363 1084 1418; x_wconf 91' lang='lat' dir='ltr'><strong>Iddio,</strong></span> <span class='ocrx_word' id='word_1_152' title='bbox 1115 1365 1218 1409; x_wconf 82' lang='lat' dir='ltr'><strong>nela</strong></span> <span class='ocrx_word' id='word_1_153' title='bbox 1246 1363 1320 1407; x_wconf 93' lang='lat' dir='ltr'><strong>cui</strong></span> <span class='ocrx_word' id='word_1_154' title='bbox 1342 1363 1519 1408; x_wconf 87' lang='lat' dir='ltr'><strong>infinita</strong></span> <span class='ocrx_word' id='word_1_155' title='bbox 1546 1365 1746 1409; x_wconf 83' lang='lat' dir='ltr'><strong>bontade</strong></span> <span class='ocrx_word' id='word_1_156' title='bbox 1766 1379 1874 1421; x_wconf 80' lang='lat' dir='ltr'><strong>spe—</strong></span> 
     </span>
     <span class='ocr_line' id='line_1_16' title="bbox 228 1441 1876 1497; baseline 0 -13"><span class='ocrx_word' id='word_1_157' title='bbox 228 1456 352 1485; x_wconf 84' lang='lat' dir='ltr'><strong>ramo</strong></span> <span class='ocrx_word' id='word_1_158' title='bbox 369 1443 557 1486; x_wconf 57' lang='lat' dir='ltr'><strong>mouera</strong></span> <span class='ocrx_word' id='word_1_159' title='bbox 573 1441 618 1484; x_wconf 89' lang='lat' dir='ltr'><strong>il&#39;</strong></span> <span class='ocrx_word' id='word_1_160' title='bbox 644 1455 782 1485; x_wconf 91' lang='lat' dir='ltr'><strong>cuore</strong></span> <span class='ocrx_word' id='word_1_161' title='bbox 805 1441 863 1485; x_wconf 91' lang='lat' dir='ltr'><strong>de</strong></span> <span class='ocrx_word' id='word_1_162' title='bbox 881 1442 938 1485; x_wconf 91' lang='lat' dir='ltr'><strong>V.</strong></span> <span class='ocrx_word' id='word_1_163' title='bbox 966 1443 1021 1485; x_wconf 92' lang='lat' dir='ltr'><strong>R.</strong></span> <span class='ocrx_word' id='word_1_164' title='bbox 1050 1443 1103 1484; x_wconf 90' lang='lat' dir='ltr'><strong>P.</strong></span> <span class='ocrx_word' id='word_1_165' title='bbox 1130 1456 1156 1485; x_wconf 86' lang='lat' dir='ltr'>a</span> <span class='ocrx_word' id='word_1_166' title='bbox 1178 1442 1461 1485; x_wconf 90' lang='lat' dir='ltr'><strong>concederne</strong></span> <span class='ocrx_word' id='word_1_167' title='bbox 1484 1448 1655 1497; x_wconf 83' lang='lat' dir='ltr'><strong>quanto</strong></span> <span class='ocrx_word' id='word_1_168' title='bbox 1676 1441 1876 1485; x_wconf 86' lang='lat' dir='ltr'><strong>ricerca—</strong></span> 
     </span>
     <span class='ocr_line' id='line_1_17' title="bbox 228 1517 1878 1575; baseline -0.001 -13"><span class='ocrx_word' id='word_1_169' title='bbox 228 1534 318 1574; x_wconf 92' lang='lat' dir='ltr'><strong>mo,</strong></span> <span class='ocrx_word' id='word_1_170' title='bbox 344 1526 390 1563; x_wconf 90' lang='lat' dir='ltr'><strong>et</strong></span> <span class='ocrx_word' id='word_1_171' title='bbox 426 1533 513 1562; x_wconf 92' lang='lat' dir='ltr'><strong>con</strong></span> <span class='ocrx_word' id='word_1_172' title='bbox 534 1519 564 1561; x_wconf 83' lang='lat'><strong>1&#39;</strong></span> <span class='ocrx_word' id='word_1_173' title='bbox 597 1518 721 1562; x_wconf 87' lang='lat' dir='ltr'><strong>aiuto</strong></span> <span class='ocrx_word' id='word_1_174' title='bbox 759 1519 861 1562; x_wconf 85' lang='lat' dir='ltr'><strong>dela</strong></span> <span class='ocrx_word' id='word_1_175' title='bbox 894 1519 1124 1562; x_wconf 82' lang='lat' dir='ltr'><strong>Madonna</strong></span> <span class='ocrx_word' id='word_1_176' title='bbox 1154 1519 1212 1563; x_wconf 92' lang='lat' dir='ltr'><strong>de</strong></span> <span class='ocrx_word' id='word_1_177' title='bbox 1239 1518 1365 1561; x_wconf 92' lang='lat' dir='ltr'><strong>Iddio</strong></span> <span class='ocrx_word' id='word_1_178' title='bbox 1393 1517 1457 1575; x_wconf 87' lang='lat' dir='ltr'><strong>gli</strong></span> <span class='ocrx_word' id='word_1_179' title='bbox 1489 1519 1818 1575; x_wconf 85' lang='lat' dir='ltr'><strong>prouedaremo</strong></span> <span class='ocrx_word' id='word_1_180' title='bbox 1846 1533 1878 1561; x_wconf 88' lang='grc'><strong>3</strong></span> 
     </span>
     <span class='ocr_line' id='line_1_18' title="bbox 231 1595 1872 1653; baseline 0 -14"><span class='ocrx_word' id='word_1_181' title='bbox 231 1603 350 1640; x_wconf 88' lang='lat' dir='ltr'><strong>tutto</strong></span> <span class='ocrx_word' id='word_1_182' title='bbox 372 1596 442 1639; x_wconf 82' lang='lat' dir='ltr'><strong>cio</strong></span> <span class='ocrx_word' id='word_1_183' title='bbox 463 1597 522 1639; x_wconf 83' lang='lat' dir='ltr'><strong>fia</strong></span> <span class='ocrx_word' id='word_1_184' title='bbox 542 1595 758 1653; x_wconf 84' lang='lat' dir='ltr'><strong>bisognio</strong></span> <span class='ocrx_word' id='word_1_185' title='bbox 782 1596 819 1639; x_wconf 90' lang='lat' dir='ltr'><strong>si</strong></span> <span class='ocrx_word' id='word_1_186' title='bbox 841 1610 922 1652; x_wconf 89' lang='lat' dir='ltr'><strong>per</strong></span> <span class='ocrx_word' id='word_1_187' title='bbox 943 1595 975 1638; x_wconf 89' lang='lat' dir='ltr'><strong>il</strong></span> <span class='ocrx_word' id='word_1_188' title='bbox 997 1595 1194 1653; x_wconf 83' lang='lat' dir='ltr'><strong>colegio,</strong></span> <span class='ocrx_word' id='word_1_189' title='bbox 1221 1602 1391 1651; x_wconf 85' lang='lat' dir='ltr'><strong>quanto</strong></span> <span class='ocrx_word' id='word_1_190' title='bbox 1414 1596 1487 1641; x_wconf 92' lang='lat' dir='ltr'><strong>del</strong></span> <span class='ocrx_word' id='word_1_191' title='bbox 1514 1595 1702 1653; x_wconf 85' lang='lat' dir='ltr'><strong>viaggio</strong></span> <span class='ocrx_word' id='word_1_192' title='bbox 1724 1595 1770 1639; x_wconf 92' lang='lat' dir='ltr'><strong>di</strong></span> <span class='ocrx_word' id='word_1_193' title='bbox 1790 1610 1872 1639; x_wconf 89' lang='lat' dir='ltr'><strong>ve-</strong></span> 
     </span>
     <span class='ocr_line' id='line_1_19' title="bbox 231 1672 1877 1729; baseline -0.001 -12"><span class='ocrx_word' id='word_1_194' title='bbox 231 1673 317 1717; x_wconf 91' lang='lat' dir='ltr'><strong>nir’</strong></span> <span class='ocrx_word' id='word_1_195' title='bbox 341 1674 388 1716; x_wconf 92' lang='lat' dir='ltr'><strong>in</strong></span> <span class='ocrx_word' id='word_1_196' title='bbox 416 1688 522 1729; x_wconf 86' lang='lat' dir='ltr'>qua,</span> <span class='ocrx_word' id='word_1_197' title='bbox 554 1680 600 1718; x_wconf 88' lang='lat' dir='ltr'><strong>et</strong></span> <span class='ocrx_word' id='word_1_198' title='bbox 631 1672 867 1726; x_wconf 83' lang='lat' dir='ltr'><strong>ritornare,</strong></span> <span class='ocrx_word' id='word_1_199' title='bbox 894 1680 939 1718; x_wconf 91' lang='lat' dir='ltr'><strong>et</strong></span> <span class='ocrx_word' id='word_1_200' title='bbox 968 1673 1152 1728; x_wconf 82' lang='lat' dir='ltr'><strong>andare,</strong></span> <span class='ocrx_word' id='word_1_201' title='bbox 1187 1687 1317 1716; x_wconf 87' lang='lat' dir='ltr'><strong>come</strong></span> <span class='ocrx_word' id='word_1_202' title='bbox 1339 1675 1598 1718; x_wconf 54' lang='lat' dir='ltr'><strong>conuenere</strong></span> <span class='ocrx_word' id='word_1_203' title='bbox 1626 1673 1657 1715; x_wconf 92' lang='lat' dir='ltr'><strong>il</strong></span> <span class='ocrx_word' id='word_1_204' title='bbox 1690 1679 1809 1717; x_wconf 91' lang='lat' dir='ltr'><strong>tutto</strong></span> <span class='ocrx_word' id='word_1_205' title='bbox 1831 1673 1877 1716; x_wconf 89' lang='grc'><strong>31</strong></span> 
     </span>
     <span class='ocr_line' id='line_1_20' title="bbox 232 1749 1874 1807; baseline -0.001 -13"><span class='ocrx_word' id='word_1_206' title='bbox 232 1765 390 1807; x_wconf 86' lang='lat' dir='ltr'><strong>parere</strong></span> <span class='ocrx_word' id='word_1_207' title='bbox 411 1751 513 1795; x_wconf 87' lang='lat' dir='ltr'><strong>dela</strong></span> <span class='ocrx_word' id='word_1_208' title='bbox 543 1751 751 1807; x_wconf 88' lang='lat' dir='ltr'><strong>predetta</strong></span> <span class='ocrx_word' id='word_1_209' title='bbox 773 1751 831 1794; x_wconf 91' lang='lat' dir='ltr'><strong>V.</strong></span> <span class='ocrx_word' id='word_1_210' title='bbox 858 1751 913 1794; x_wconf 91' lang='lat' dir='ltr'><strong>R.</strong></span> <span class='ocrx_word' id='word_1_211' title='bbox 941 1752 1014 1803; x_wconf 89' lang='grc' dir='ltr'><strong>Ρ.,</strong></span> <span class='ocrx_word' id='word_1_212' title='bbox 1039 1751 1082 1793; x_wconf 93' lang='grc'><strong>13</strong></span> <span class='ocrx_word' id='word_1_213' title='bbox 1111 1750 1230 1807; x_wconf 84' lang='lat' dir='ltr'>qual’</span> <span class='ocrx_word' id='word_1_214' title='bbox 1256 1749 1613 1807; x_wconf 85' lang='lat' dir='ltr'><strong>ingenuamente</strong></span> <span class='ocrx_word' id='word_1_215' title='bbox 1640 1756 1686 1793; x_wconf 88' lang='lat' dir='ltr'><strong>et</strong></span> <span class='ocrx_word' id='word_1_216' title='bbox 1707 1749 1874 1794; x_wconf 88' lang='lat' dir='ltr'><strong>humil—</strong></span> 
     </span>
     <span class='ocr_line' id='line_1_21' title="bbox 233 1826 1879 1884; baseline 0 -14"><span class='ocrx_word' id='word_1_217' title='bbox 233 1834 385 1872; x_wconf 88' lang='lat' dir='ltr'><strong>mente</strong></span> <span class='ocrx_word' id='word_1_218' title='bbox 407 1827 686 1884; x_wconf 88' lang='lat' dir='ltr'><strong>supplicamo</strong></span> <span class='ocrx_word' id='word_1_219' title='bbox 708 1842 788 1884; x_wconf 90' lang='lat' dir='ltr'><strong>per</strong></span> <span class='ocrx_word' id='word_1_220' title='bbox 811 1841 964 1871; x_wconf 87' lang='lat' dir='ltr'><strong>amore</strong></span> <span class='ocrx_word' id='word_1_221' title='bbox 985 1827 1030 1870; x_wconf 93' lang='lat' dir='ltr'><strong>di</strong></span> <span class='ocrx_word' id='word_1_222' title='bbox 1052 1827 1158 1884; x_wconf 89' lang='lat' dir='ltr'><strong>quel</strong></span> <span class='ocrx_word' id='word_1_223' title='bbox 1174 1828 1319 1870; x_wconf 89' lang='lat' dir='ltr'><strong>buon&#39;</strong></span> <span class='ocrx_word' id='word_1_224' title='bbox 1343 1826 1504 1881; x_wconf 59' lang='lat' dir='ltr'><strong>Giesfl„</strong></span> <span class='ocrx_word' id='word_1_225' title='bbox 1530 1828 1620 1871; x_wconf 86' lang='lat' dir='ltr'><strong>nel&#39;</strong></span> <span class='ocrx_word' id='word_1_226' title='bbox 1644 1826 1718 1870; x_wconf 88' lang='lat' dir='ltr'><strong>cui</strong></span> <span class='ocrx_word' id='word_1_227' title='bbox 1741 1826 1879 1870; x_wconf 88' lang='lat' dir='ltr'><strong>titulo</strong></span> 
     </span>
     <span class='ocr_line' id='line_1_22' title="bbox 233 1903 1873 1961; baseline -0.001 -13"><span class='ocrx_word' id='word_1_228' title='bbox 233 1920 349 1948; x_wconf 91' lang='lat' dir='ltr'><strong>sono</strong></span> <span class='ocrx_word' id='word_1_229' title='bbox 372 1904 625 1948; x_wconf 90' lang='lat' dir='ltr'><strong>constituiti</strong></span> <span class='ocrx_word' id='word_1_230' title='bbox 647 1904 785 1960; x_wconf 89' lang='lat' dir='ltr'><strong>quelli</strong></span> <span class='ocrx_word' id='word_1_231' title='bbox 807 1904 945 1948; x_wconf 85' lang='lat' dir='ltr'><strong>santti</strong></span> <span class='ocrx_word' id='word_1_232' title='bbox 968 1903 1148 1961; x_wconf 86' lang='lat' dir='ltr'><strong>colegii,</strong></span> <span class='ocrx_word' id='word_1_233' title='bbox 1168 1919 1226 1948; x_wconf 91' lang='lat' dir='ltr'><strong>ne</strong></span> <span class='ocrx_word' id='word_1_234' title='bbox 1248 1904 1390 1961; x_wconf 87' lang='lat' dir='ltr'><strong>volgli</strong></span> <span class='ocrx_word' id='word_1_235' title='bbox 1414 1905 1700 1957; x_wconf 89' lang='lat' dir='ltr'><strong>concederlo,</strong></span> <span class='ocrx_word' id='word_1_236' title='bbox 1721 1912 1873 1961; x_wconf 83' lang='lat' dir='ltr'><strong>aspet-</strong></span> 
     </span>
     <span class='ocr_line' id='line_1_23' title="bbox 234 1981 1875 2039; baseline 0 -14"><span class='ocrx_word' id='word_1_237' title='bbox 234 1983 374 2026; x_wconf 86' lang='lat' dir='ltr'><strong>tando</strong></span> <span class='ocrx_word' id='word_1_238' title='bbox 397 1984 551 2026; x_wconf 83' lang='lat' dir='ltr'><strong>buona</strong></span> <span class='ocrx_word' id='word_1_239' title='bbox 572 1988 618 2027; x_wconf 89' lang='lat' dir='ltr'><strong>et</strong></span> <span class='ocrx_word' id='word_1_240' title='bbox 640 1988 793 2039; x_wconf 82' lang='lat' dir='ltr'><strong>gratta</strong></span> <span class='ocrx_word' id='word_1_241' title='bbox 815 1981 1010 2038; x_wconf 75' lang='lat' dir='ltr'><strong>risposta</strong></span> <span class='ocrx_word' id='word_1_242' title='bbox 1031 1983 1089 2026; x_wconf 83' lang='lat' dir='ltr'><strong>da</strong></span> <span class='ocrx_word' id='word_1_243' title='bbox 1106 1982 1256 2038; x_wconf 86' lang='lat' dir='ltr'><strong>quella</strong></span> <span class='ocrx_word' id='word_1_244' title='bbox 1277 1981 1324 2024; x_wconf 92' lang='lat' dir='ltr'><strong>in</strong></span> <span class='ocrx_word' id='word_1_245' title='bbox 1342 1981 1497 2035; x_wconf 87' lang='lat' dir='ltr'><strong>breue,</strong></span> <span class='ocrx_word' id='word_1_246' title='bbox 1524 1982 1594 2025; x_wconf 85' lang='lat' dir='ltr'><strong>ala</strong></span> <span class='ocrx_word' id='word_1_247' title='bbox 1625 1981 1699 2025; x_wconf 92' lang='lat' dir='ltr'><strong>cui</strong></span> <span class='ocrx_word' id='word_1_248' title='bbox 1721 1983 1875 2025; x_wconf 83' lang='lat' dir='ltr'><strong>buona</strong></span> 
     </span>
     <span class='ocr_line' id='line_1_24' title="bbox 233 2058 1877 2116; baseline 0.001 -14"><span class='ocrx_word' id='word_1_249' title='bbox 233 2059 381 2116; x_wconf 84' lang='lat' dir='ltr'><strong>gratia</strong></span> <span class='ocrx_word' id='word_1_250' title='bbox 406 2059 452 2102; x_wconf 91' lang='lat' dir='ltr'><strong>di</strong></span> <span class='ocrx_word' id='word_1_251' title='bbox 485 2059 702 2102; x_wconf 91' lang='lat' dir='ltr'><strong>continuo</strong></span> <span class='ocrx_word' id='word_1_252' title='bbox 734 2073 788 2103; x_wconf 91' lang='lat' dir='ltr'><strong>ce</strong></span> <span class='ocrx_word' id='word_1_253' title='bbox 817 2058 1173 2103; x_wconf 84' lang='lat' dir='ltr'><strong>ricomandiamo</strong></span> <span class='ocrx_word' id='word_1_254' title='bbox 1206 2065 1253 2102; x_wconf 90' lang='lat' dir='ltr'><strong>et</strong></span> <span class='ocrx_word' id='word_1_255' title='bbox 1277 2058 1342 2116; x_wconf 85' lang='lat' dir='ltr'><strong>gli</strong></span> <span class='ocrx_word' id='word_1_256' title='bbox 1373 2059 1619 2116; x_wconf 81' lang='lat' dir='ltr'><strong>baggiamo</strong></span> <span class='ocrx_word' id='word_1_257' title='bbox 1649 2059 1692 2103; x_wconf 92' lang='grc'><strong>16</strong></span> <span class='ocrx_word' id='word_1_258' title='bbox 1723 2066 1877 2104; x_wconf 87' lang='lat' dir='ltr'><strong>santte</strong></span> 
     </span>
     <span class='ocr_line' id='line_1_25' title="bbox 233 2135 1875 2193; baseline 0 -14"><span class='ocrx_word' id='word_1_259' title='bbox 233 2136 370 2189; x_wconf 80' lang='lat' dir='ltr'><strong>mani,</strong></span> <span class='ocrx_word' id='word_1_260' title='bbox 396 2135 758 2193; x_wconf 83' lang='lat' dir='ltr'><strong>supplicandogli</strong></span> <span class='ocrx_word' id='word_1_261' title='bbox 780 2136 1046 2193; x_wconf 86' lang='lat' dir='ltr'><strong>parimente,</strong></span> <span class='ocrx_word' id='word_1_262' title='bbox 1071 2150 1125 2181; x_wconf 88' lang='lat' dir='ltr'><strong>ce</strong></span> <span class='ocrx_word' id='word_1_263' title='bbox 1146 2136 1285 2193; x_wconf 83' lang='lat' dir='ltr'><strong>degni</strong></span> <span class='ocrx_word' id='word_1_264' title='bbox 1306 2135 1501 2181; x_wconf 86' lang='lat' dir='ltr'><strong>seruirse</strong></span> <span class='ocrx_word' id='word_1_265' title='bbox 1523 2137 1580 2181; x_wconf 92' lang='lat' dir='ltr'><strong>de</strong></span> <span class='ocrx_word' id='word_1_266' title='bbox 1601 2136 1677 2180; x_wconf 90' lang='lat' dir='ltr'><strong>noi</strong></span> <span class='ocrx_word' id='word_1_267' title='bbox 1694 2136 1741 2179; x_wconf 90' lang='lat' dir='ltr'><strong>in</strong></span> <span class='ocrx_word' id='word_1_268' title='bbox 1763 2136 1875 2193; x_wconf 79' lang='lat' dir='ltr'><strong>ogni</strong></span> 
     </span>
     <span class='ocr_line' id='line_1_26' title="bbox 234 2213 1879 2271; baseline 0 -15"><span class='ocrx_word' id='word_1_269' title='bbox 234 2227 317 2256; x_wconf 89' lang='lat' dir='ltr'><strong>sue</strong></span> <span class='ocrx_word' id='word_1_270' title='bbox 341 2213 620 2266; x_wconf 86' lang='lat' dir='ltr'><strong>occurentie,</strong></span> <span class='ocrx_word' id='word_1_271' title='bbox 645 2215 730 2257; x_wconf 90' lang='lat' dir='ltr'><strong>che</strong></span> <span class='ocrx_word' id='word_1_272' title='bbox 751 2228 843 2256; x_wconf 92' lang='lat' dir='ltr'><strong>non</strong></span> <span class='ocrx_word' id='word_1_273' title='bbox 865 2213 1146 2257; x_wconf 86' lang='lat' dir='ltr'><strong>desideramo</strong></span> <span class='ocrx_word' id='word_1_274' title='bbox 1167 2215 1253 2257; x_wconf 88' lang='lat' dir='ltr'><strong>che</strong></span> <span class='ocrx_word' id='word_1_275' title='bbox 1285 2214 1341 2258; x_wconf 94' lang='lat' dir='ltr'><strong>de</strong></span> <span class='ocrx_word' id='word_1_276' title='bbox 1371 2213 1469 2257; x_wconf 86' lang='lat' dir='ltr'><strong>farli</strong></span> <span class='ocrx_word' id='word_1_277' title='bbox 1489 2213 1599 2271; x_wconf 85' lang='lat' dir='ltr'><strong>ogni</strong></span> <span class='ocrx_word' id='word_1_278' title='bbox 1626 2213 1879 2258; x_wconf 81' lang='lat' dir='ltr'><strong>vbidientia</strong></span> 
     </span>
     <span class='ocr_line' id='line_1_27' title="bbox 233 2290 1878 2347; baseline 0 -13"><span class='ocrx_word' id='word_1_279' title='bbox 233 2297 280 2334; x_wconf 88' lang='lat' dir='ltr'><strong>et</strong></span> <span class='ocrx_word' id='word_1_280' title='bbox 302 2290 489 2334; x_wconf 61' lang='lat' dir='ltr'><strong>servitii.</strong></span> <span class='ocrx_word' id='word_1_281' title='bbox 516 2292 573 2333; x_wconf 93' lang='lat' dir='ltr'><strong>Et</strong></span> <span class='ocrx_word' id='word_1_282' title='bbox 594 2290 626 2333; x_wconf 92' lang='lat' dir='ltr'><strong>il</strong></span> <span class='ocrx_word' id='word_1_283' title='bbox 647 2290 804 2347; x_wconf 86' lang='lat' dir='ltr'><strong>signor</strong></span> <span class='ocrx_word' id='word_1_284' title='bbox 824 2290 950 2334; x_wconf 88' lang='lat' dir='ltr'><strong>Iddio</strong></span> <span class='ocrx_word' id='word_1_285' title='bbox 971 2290 1019 2333; x_wconf 92' lang='lat' dir='ltr'><strong>in</strong></span> <span class='ocrx_word' id='word_1_286' title='bbox 1046 2290 1155 2347; x_wconf 82' lang='lat' dir='ltr'><strong>ogni</strong></span> <span class='ocrx_word' id='word_1_287' title='bbox 1177 2305 1286 2334; x_wconf 84' lang='lat' dir='ltr'><strong>cosa</strong></span> <span class='ocrx_word' id='word_1_288' title='bbox 1306 2305 1365 2335; x_wconf 87' lang='lat' dir='ltr'><strong>ne</strong></span> <span class='ocrx_word' id='word_1_289' title='bbox 1393 2290 1459 2334; x_wconf 85' lang='lat' dir='ltr'><strong>sia</strong></span> <span class='ocrx_word' id='word_1_290' title='bbox 1486 2304 1663 2347; x_wconf 89' lang='lat' dir='ltr'><strong>sempre</strong></span> <span class='ocrx_word' id='word_1_291' title='bbox 1689 2291 1878 2335; x_wconf 86' lang='lat' dir='ltr'><strong>laudato</strong></span> 
     </span>
     <span class='ocr_line' id='line_1_28' title="bbox 235 2367 1874 2424; baseline 0.002 -15"><span class='ocrx_word' id='word_1_292' title='bbox 235 2374 281 2410; x_wconf 93' lang='lat' dir='ltr'><strong>et</strong></span> <span class='ocrx_word' id='word_1_293' title='bbox 313 2367 565 2424; x_wconf 80' lang='lat' dir='ltr'><strong>rigratiato,</strong></span> <span class='ocrx_word' id='word_1_294' title='bbox 590 2374 636 2411; x_wconf 88' lang='lat' dir='ltr'><strong>et</strong></span> <span class='ocrx_word' id='word_1_295' title='bbox 667 2369 710 2411; x_wconf 94' lang='grc'><strong>13</strong></span> <span class='ocrx_word' id='word_1_296' title='bbox 739 2382 960 2412; x_wconf 82' lang='lat' dir='ltr'><strong>conserua</strong></span> <span class='ocrx_word' id='word_1_297' title='bbox 981 2375 1027 2411; x_wconf 88' lang='lat' dir='ltr'><strong>et</strong></span> <span class='ocrx_word' id='word_1_298' title='bbox 1059 2374 1289 2412; x_wconf 83' lang='lat' dir='ltr'><strong>aumenta.</strong></span> <span class='ocrx_word' id='word_1_299' title='bbox 1319 2369 1392 2411; x_wconf 85' lang='lat' dir='ltr'><strong>Da</strong></span> <span class='ocrx_word' id='word_1_300' title='bbox 1423 2367 1696 2424; x_wconf 85' lang='lat' dir='ltr'><strong>Morbegnio</strong></span> <span class='ocrx_word' id='word_1_301' title='bbox 1729 2367 1786 2411; x_wconf 89' lang='lat' dir='ltr'><strong>ali</strong></span> <span class='ocrx_word' id='word_1_302' title='bbox 1821 2378 1874 2424; x_wconf 81' lang='lat'><strong>15</strong></span> 
     </span>
     <span class='ocr_line' id='line_1_29' title="bbox 235 2444 1876 2502; baseline 0 -14"><span class='ocrx_word' id='word_1_303' title='bbox 235 2444 437 2488; x_wconf 83' lang='lat' dir='ltr'><strong>Gianaro</strong></span> <span class='ocrx_word' id='word_1_304' title='bbox 465 2455 591 2500; x_wconf 85' lang='lat'><strong>1554.</strong></span> <span class='ocrx_word' id='word_1_305' title='bbox 617 2446 733 2489; x_wconf 85' lang='lat' dir='ltr'><strong>Dela</strong></span> <span class='ocrx_word' id='word_1_306' title='bbox 755 2446 961 2501; x_wconf 84' lang='lat' dir='ltr'><strong>predetta</strong></span> <span class='ocrx_word' id='word_1_307' title='bbox 984 2446 1041 2489; x_wconf 90' lang='lat' dir='ltr'><strong>V.</strong></span> <span class='ocrx_word' id='word_1_308' title='bbox 1068 2446 1122 2489; x_wconf 89' lang='lat' dir='ltr'><strong>R.</strong></span> <span class='ocrx_word' id='word_1_309' title='bbox 1162 2447 1215 2489; x_wconf 90' lang='lat' dir='ltr'><strong>P.</strong></span> <span class='ocrx_word' id='word_1_310' title='bbox 1241 2444 1429 2502; x_wconf 85' lang='lat' dir='ltr'><strong>indegni</strong></span> <span class='ocrx_word' id='word_1_311' title='bbox 1450 2444 1660 2489; x_wconf 88' lang='lat' dir='ltr'><strong>seruitori</strong></span> <span class='ocrx_word' id='word_1_312' title='bbox 1688 2452 1732 2490; x_wconf 91' lang='lat' dir='ltr'><strong>et</strong></span> <span class='ocrx_word' id='word_1_313' title='bbox 1759 2445 1876 2502; x_wconf 77' lang='lat' dir='ltr'>filgli</span> 
     </span>
     <span class='ocr_line' id='line_1_30' title="bbox 235 2521 612 2579; baseline 0.008 -16"><span class='ocrx_word' id='word_1_314' title='bbox 235 2521 280 2563; x_wconf 91' lang='lat' dir='ltr'><strong>in</strong></span> <span class='ocrx_word' id='word_1_315' title='bbox 305 2521 448 2566; x_wconf 75' lang='lat' dir='ltr'><strong>Giessi</strong></span> <span class='ocrx_word' id='word_1_316' title='bbox 470 2523 612 2579; x_wconf 89' lang='lat' dir='ltr'><strong>Xpo.,</strong></span> 
     </span>
     <span class='ocr_line' id='line_1_31' title="bbox 272 2598 1870 2656; baseline -0.001 -13"><span class='ocrx_word' id='word_1_317' title='bbox 272 2646 275 2649; x_wconf 8' lang='grc' dir='ltr'>χ</span> <span class='ocrx_word' id='word_1_318' title='bbox 643 2600 736 2643; x_wconf 83' lang='lat' dir='ltr'><strong>GL1</strong></span> <span class='ocrx_word' id='word_1_319' title='bbox 761 2613 972 2643; x_wconf 77' lang='lat' dir='ltr'><strong>REGENn</strong></span> <span class='ocrx_word' id='word_1_320' title='bbox 996 2614 1076 2656; x_wconf 89' lang='lat' dir='ltr'><strong>per</strong></span> <span class='ocrx_word' id='word_1_321' title='bbox 1098 2600 1141 2643; x_wconf 90' lang='grc'><strong>13</strong></span> <span class='ocrx_word' id='word_1_322' title='bbox 1163 2600 1452 2643; x_wconf 85' lang='lat' dir='ltr'><strong>comunitade</strong></span> <span class='ocrx_word' id='word_1_323' title='bbox 1474 2599 1519 2643; x_wconf 90' lang='lat' dir='ltr'><strong>di</strong></span> <span class='ocrx_word' id='word_1_324' title='bbox 1542 2598 1813 2656; x_wconf 86' lang='lat' dir='ltr'><strong>Morbegnio</strong></span> <span class='ocrx_word' id='word_1_325' title='bbox 1838 2601 1870 2642; x_wconf 89' lang='lat'><strong>¹.</strong></span> 
     </span>
     <span class='ocr_line' id='line_1_32' title="bbox 328 2676 1877 2733; baseline 0.001 -15"><span class='ocrx_word' id='word_1_326' title='bbox 328 2677 587 2732; x_wconf 73' lang='lat' dir='ltr'><strong>Inscriptio:</strong></span> <span class='ocrx_word' id='word_1_327' title='bbox 609 2676 669 2719; x_wconf 87' lang='lat' dir='ltr'><strong>Al</strong></span> <span class='ocrx_word' id='word_1_328' title='bbox 691 2677 831 2719; x_wconf 89' lang='lat' dir='ltr'><strong>molto</strong></span> <span class='ocrx_word' id='word_1_329' title='bbox 859 2677 974 2720; x_wconf 89' lang='lat' dir='ltr'><strong>Rdo.</strong></span> <span class='ocrx_word' id='word_1_330' title='bbox 1008 2678 1171 2729; x_wconf 83' lang='lat' dir='ltr'><strong>Padre,</strong></span> <span class='ocrx_word' id='word_1_331' title='bbox 1203 2676 1234 2719; x_wconf 92' lang='lat' dir='ltr'><strong>il</strong></span> <span class='ocrx_word' id='word_1_332' title='bbox 1262 2678 1315 2720; x_wconf 93' lang='lat' dir='ltr'><strong>P.</strong></span> <span class='ocrx_word' id='word_1_333' title='bbox 1347 2676 1524 2733; x_wconf 82' lang='lat' dir='ltr'><strong>Ignatio</strong></span> <span class='ocrx_word' id='word_1_334' title='bbox 1552 2677 1738 2732; x_wconf 82' lang='lat' dir='ltr'><strong>Loyola‚</strong></span> <span class='ocrx_word' id='word_1_335' title='bbox 1768 2690 1877 2732; x_wconf 87' lang='lat' dir='ltr'><strong>pre·</strong></span> 
     </span>
     <span class='ocr_line' id='line_1_33' title="bbox 237 2752 1878 2810; baseline 0.001 -15"><span class='ocrx_word' id='word_1_336' title='bbox 237 2752 383 2808; x_wconf 86' lang='lat' dir='ltr'><strong>posito</strong></span> <span class='ocrx_word' id='word_1_337' title='bbox 413 2753 617 2809; x_wconf 85' lang='lat' dir='ltr'><strong>general&#39;</strong></span> <span class='ocrx_word' id='word_1_338' title='bbox 651 2753 752 2796; x_wconf 89' lang='grc'><strong>(1613</strong></span> <span class='ocrx_word' id='word_1_339' title='bbox 782 2753 1066 2810; x_wconf 83' lang='lat' dir='ltr'><strong>Compagnia</strong></span> <span class='ocrx_word' id='word_1_340' title='bbox 1087 2778 1145 2785; x_wconf 91' lang='lat'><strong>—</strong></span> <span class='ocrx_word' id='word_1_341' title='bbox 1166 2779 1224 2785; x_wconf 92' lang='lat'><strong>—</strong></span> <span class='ocrx_word' id='word_1_342' title='bbox 1247 2754 1395 2798; x_wconf 87' lang='lat' dir='ltr'><strong>Padre</strong></span> <span class='ocrx_word' id='word_1_343' title='bbox 1427 2759 1580 2796; x_wconf 90' lang='lat' dir='ltr'><strong>nostro</strong></span> <span class='ocrx_word' id='word_1_344' title='bbox 1609 2753 1683 2798; x_wconf 90' lang='lat' dir='ltr'><strong>nel</strong></span> <span class='ocrx_word' id='word_1_345' title='bbox 1705 2752 1878 2810; x_wconf 88' lang='lat' dir='ltr'><strong>Signor</strong></span> 
     </span>
     <span class='ocr_line' id='line_1_34' title="bbox 234 2830 917 2874; baseline 0.003 -2"><span class='ocrx_word' id='word_1_346' title='bbox 234 2830 660 2874; x_wconf 84' lang='lat' dir='ltr'><strong>osservandissimo.</strong></span> <span class='ocrx_word' id='word_1_347' title='bbox 686 2831 736 2873; x_wconf 94' lang='lat' dir='ltr'><strong>In</strong></span> <span class='ocrx_word' id='word_1_348' title='bbox 760 2832 917 2874; x_wconf 84' lang='lat' dir='ltr'><strong>Roma.</strong></span> 
     </span>
    </p>
   </div>
   <div class='ocr_carea' id='block_1_3' title="bbox 248 2918 510 2924">
    <p class='ocr_par' dir='ltr' id='par_1_3' title="bbox 248 2918 510 2924">
     <span class='ocr_line' id='line_1_35' title="bbox 248 2918 510 2924; baseline 0 0"><span class='ocrx_word' id='word_1_349' title='bbox 248 2918 510 2924; x_wconf 95' lang='lat' dir='ltr'><strong> </strong></span> 
     </span>
    </p>
   </div>
   <div class='ocr_carea' id='block_1_4' title="bbox 236 2953 1876 3120">
    <p class='ocr_par' dir='ltr' id='par_1_4' title="bbox 236 2953 1876 3120">
     <span class='ocr_line' id='line_1_36' title="bbox 310 2953 1876 3003; baseline 0.001 -15"><span class='ocrx_word' id='word_1_350' title='bbox 310 2956 320 2976; x_wconf 90' lang='lat'>¹</span> <span class='ocrx_word' id='word_1_351' title='bbox 372 2954 544 2990; x_wconf 88' lang='lat' dir='ltr'><strong>Mentem</strong></span> <span class='ocrx_word' id='word_1_352' title='bbox 572 2954 645 2991; x_wconf 86' lang='lat' dir='ltr'><strong>Sti.</strong></span> <span class='ocrx_word' id='word_1_353' title='bbox 673 2954 819 3000; x_wconf 86' lang='lat' dir='ltr'><strong>Ignatii</strong></span> <span class='ocrx_word' id='word_1_354' title='bbox 843 2954 892 2990; x_wconf 85' lang='lat' dir='ltr'><strong>ad</strong></span> <span class='ocrx_word' id='word_1_355' title='bbox 919 2953 1250 2990; x_wconf 88' lang='lat' dir='ltr'><strong>morbeniensium</strong></span> <span class='ocrx_word' id='word_1_356' title='bbox 1274 2959 1366 2990; x_wconf 88' lang='lat' dir='ltr'><strong>vota</strong></span> <span class='ocrx_word' id='word_1_357' title='bbox 1391 2965 1628 3001; x_wconf 88' lang='lat' dir='ltr'><strong>cognoscere</strong></span> <span class='ocrx_word' id='word_1_358' title='bbox 1652 2954 1799 3003; x_wconf 87' lang='lat' dir='ltr'><strong>poteris</strong></span> <span class='ocrx_word' id='word_1_359' title='bbox 1822 2965 1876 2990; x_wconf 82' lang='lat' dir='ltr'><strong>ex</strong></span> 
     </span>
     <span class='ocr_line' id='line_1_37' title="bbox 236 3012 1874 3063; baseline 0.002 -16"><span class='ocrx_word' id='word_1_360' title='bbox 236 3012 455 3056; x_wconf 85' lang='lat' dir='ltr'><strong>POLANCO,</strong></span> <span class='ocrx_word' id='word_1_361' title='bbox 481 3019 512 3049; x_wconf 93' lang='lat' dir='ltr'><strong>t.</strong></span> <span class='ocrx_word' id='word_1_362' title='bbox 544 3023 600 3059; x_wconf 88' lang='lat' dir='ltr'><strong>1V,</strong></span> <span class='ocrx_word' id='word_1_363' title='bbox 628 3025 717 3061; x_wconf 86' lang='lat' dir='ltr'><strong>pag.</strong></span> <span class='ocrx_word' id='word_1_364' title='bbox 747 3013 915 3060; x_wconf 86' lang='lat'>137—139,</span> <span class='ocrx_word' id='word_1_365' title='bbox 941 3026 985 3049; x_wconf 91' lang='lat' dir='ltr'><strong>n.</strong></span> <span class='ocrx_word' id='word_1_366' title='bbox 1015 3012 1306 3059; x_wconf 83' lang='lat' dir='ltr'><strong>273-277.—Cf.</strong></span> <span class='ocrx_word' id='word_1_367' title='bbox 1342 3013 1488 3050; x_wconf 85' lang='lat' dir='ltr'><strong>Cartas</strong></span> <span class='ocrx_word' id='word_1_368' title='bbox 1512 3016 1559 3051; x_wconf 84' lang='lat' dir='ltr'><strong>de</strong></span> <span class='ocrx_word' id='word_1_369' title='bbox 1579 3015 1664 3051; x_wconf 85' lang='lat' dir='ltr'><strong>San</strong></span> <span class='ocrx_word' id='word_1_370' title='bbox 1690 3015 1874 3063; x_wconf 76' lang='lat' dir='ltr'><strong>Ignacio.</strong></span> 
     </span>
     <span class='ocr_line' id='line_1_38' title="bbox 236 3072 1566 3120; baseline 0.003 -14"><span class='ocrx_word' id='word_1_371' title='bbox 236 3076 268 3106; x_wconf 85' lang='lat' dir='ltr'><strong>t.</strong></span> <span class='ocrx_word' id='word_1_372' title='bbox 285 3079 341 3118; x_wconf 89' lang='lat' dir='ltr'><strong>1v,</strong></span> <span class='ocrx_word' id='word_1_373' title='bbox 361 3083 449 3118; x_wconf 86' lang='lat' dir='ltr'><strong>pag.</strong></span> <span class='ocrx_word' id='word_1_374' title='bbox 468 3080 553 3119; x_wconf 87' lang='lat'>417,</span> <span class='ocrx_word' id='word_1_375' title='bbox 571 3073 641 3118; x_wconf 87' lang='lat'><strong>432</strong></span> <span class='ocrx_word' id='word_1_376' title='bbox 659 3072 742 3117; x_wconf 94' lang='lat' dir='ltr'><strong>(ubi</strong></span> <span class='ocrx_word' id='word_1_377' title='bbox 759 3073 850 3109; x_wconf 90' lang='lat' dir='ltr'><strong>huic</strong></span> <span class='ocrx_word' id='word_1_378' title='bbox 868 3073 1057 3120; x_wconf 87' lang='lat' dir='ltr'><strong>epistolae</strong></span> <span class='ocrx_word' id='word_1_379' title='bbox 1075 3072 1363 3120; x_wconf 87' lang='lat' dir='ltr'><strong>respondetur),</strong></span> <span class='ocrx_word' id='word_1_380' title='bbox 1381 3073 1466 3120; x_wconf 85' lang='lat'>434,</span> <span class='ocrx_word' id='word_1_381' title='bbox 1486 3079 1566 3111; x_wconf 87' lang='lat' dir='ltr'><strong>etc.</strong></span> 
     </span>
    </p>
   </div>
  </div>
 </body>
</html>
