<?xml version="1.0" encoding="UTF-8"?>
<!DOCTYPE html PUBLIC "-//W3C//DTD XHTML 1.0 Transitional//EN"
    "http://www.w3.org/TR/xhtml1/DTD/xhtml1-transitional.dtd">
<html xmlns="http://www.w3.org/1999/xhtml" xml:lang="en" lang="en">
 <head>
  <title>
</title>
<meta http-equiv="Content-Type" content="text/html;charset=utf-8" />
  <meta name='ocr-system' content='tesseract 3.04.00' />
  <meta name='ocr-capabilities' content='ocr_page ocr_carea ocr_par ocr_line ocrx_word'/>
</head>
<body>
  <div class='ocr_page' id='page_1' title='image "./epistolaemixtaee04matruoft_0480.png"; bbox 0 0 2014 3470; ppageno 0'>
   <div class='ocr_carea' id='block_1_1' title="bbox 295 261 1341 310">
    <p class='ocr_par' dir='ltr' id='par_1_1' title="bbox 295 261 1341 310">
     <span class='ocr_line' id='line_1_1' title="bbox 295 261 1341 310; baseline -0.003 -9"><span class='ocrx_word' id='word_1_1' title='bbox 295 272 366 310; x_wconf 89' lang='lat'><strong>474</strong></span> <span class='ocrx_word' id='word_1_2' title='bbox 786 264 1026 300; x_wconf 72' lang='lat' dir='ltr'><strong>EP1s’r0LAE</strong></span> <span class='ocrx_word' id='word_1_3' title='bbox 1052 261 1341 308; x_wconf 77' lang='lat' dir='ltr'><strong>MixTAE—908</strong></span> 
     </span>
    </p>
   </div>
   <div class='ocr_carea' id='block_1_2' title="bbox 239 363 1885 2031">
    <p class='ocr_par' dir='ltr' id='par_1_2' title="bbox 239 363 1885 2031">
     <span class='ocr_line' id='line_1_2' title="bbox 248 363 1885 422; baseline -0.001 -13"><span class='ocrx_word' id='word_1_4' title='bbox 248 367 334 410; x_wconf 88' lang='lat' dir='ltr'><strong>che</strong></span> <span class='ocrx_word' id='word_1_5' title='bbox 356 365 506 409; x_wconf 84' lang='lat' dir='ltr'><strong>alcuni</strong></span> <span class='ocrx_word' id='word_1_6' title='bbox 529 365 575 410; x_wconf 88' lang='lat' dir='ltr'><strong>di</strong></span> <span class='ocrx_word' id='word_1_7' title='bbox 599 367 751 409; x_wconf 87' lang='lat' dir='ltr'><strong>hanno</strong></span> <span class='ocrx_word' id='word_1_8' title='bbox 773 379 860 409; x_wconf 92' lang='lat' dir='ltr'><strong>con</strong></span> <span class='ocrx_word' id='word_1_9' title='bbox 877 364 955 421; x_wconf 75' lang='lat' dir='ltr'><strong>pisi</strong></span> <span class='ocrx_word' id='word_1_10' title='bbox 972 363 1232 421; x_wconf 56' lang='lat' dir='ltr'><strong>oportunitzi</strong></span> <span class='ocrx_word' id='word_1_11' title='bbox 1250 363 1374 407; x_wconf 81' lang='lat' dir='ltr'><strong>accio</strong></span> <span class='ocrx_word' id='word_1_12' title='bbox 1390 379 1540 421; x_wconf 87' lang='lat' dir='ltr'><strong>speso,</strong></span> <span class='ocrx_word' id='word_1_13' title='bbox 1560 379 1652 408; x_wconf 90' lang='lat' dir='ltr'><strong>non</strong></span> <span class='ocrx_word' id='word_1_14' title='bbox 1667 364 1698 407; x_wconf 92' lang='lat' dir='ltr'><strong>li</strong></span> <span class='ocrx_word' id='word_1_15' title='bbox 1721 371 1885 422; x_wconf 90' lang='lat' dir='ltr'><strong>tengo-</strong></span> 
     </span>
     <span class='ocr_line' id='line_1_3' title="bbox 247 441 1881 497; baseline -0.001 -11"><span class='ocrx_word' id='word_1_16' title='bbox 247 458 308 486; x_wconf 89' lang='lat' dir='ltr'><strong>no</strong></span> <span class='ocrx_word' id='word_1_17' title='bbox 330 443 424 486; x_wconf 88' lang='lat' dir='ltr'><strong>cosi</strong></span> <span class='ocrx_word' id='word_1_18' title='bbox 440 444 572 488; x_wconf 87' lang='lat' dir='ltr'><strong>bene.</strong></span> <span class='ocrx_word' id='word_1_19' title='bbox 593 443 775 487; x_wconf 88' lang='lat' dir='ltr'><strong>Adesso</strong></span> <span class='ocrx_word' id='word_1_20' title='bbox 798 443 823 485; x_wconf 81' lang='lat' dir='ltr'><strong>e</strong></span> <span class='ocrx_word' id='word_1_21' title='bbox 845 448 991 485; x_wconf 90' lang='lat' dir='ltr'><strong>morto</strong></span> <span class='ocrx_word' id='word_1_22' title='bbox 1013 441 1118 496; x_wconf 90' lang='lat' dir='ltr'><strong>quel</strong></span> <span class='ocrx_word' id='word_1_23' title='bbox 1141 455 1224 484; x_wconf 90' lang='lat' dir='ltr'><strong>suo</strong></span> <span class='ocrx_word' id='word_1_24' title='bbox 1246 441 1401 497; x_wconf 84' lang='lat' dir='ltr'><strong>padre,</strong></span> <span class='ocrx_word' id='word_1_25' title='bbox 1425 447 1471 485; x_wconf 88' lang='lat' dir='ltr'><strong>et</strong></span> <span class='ocrx_word' id='word_1_26' title='bbox 1491 443 1550 485; x_wconf 88' lang='lat' dir='ltr'><strong>ha</strong></span> <span class='ocrx_word' id='word_1_27' title='bbox 1573 442 1685 485; x_wconf 79' lang='lat' dir='ltr'><strong>fatto</strong></span> <span class='ocrx_word' id='word_1_28' title='bbox 1706 449 1814 485; x_wconf 91' lang='lat' dir='ltr'><strong>voto</strong></span> <span class='ocrx_word' id='word_1_29' title='bbox 1836 441 1881 484; x_wconf 93' lang='lat' dir='ltr'><strong>di</strong></span> 
     </span>
     <span class='ocr_line' id='line_1_4' title="bbox 248 516 1881 576; baseline -0.001 -13"><span class='ocrx_word' id='word_1_30' title='bbox 248 519 483 576; x_wconf 83' lang='lat' dir='ltr'><strong>religione,</strong></span> <span class='ocrx_word' id='word_1_31' title='bbox 504 518 664 563; x_wconf 61' lang='lat' dir='ltr'><strong>castita</strong></span> <span class='ocrx_word' id='word_1_32' title='bbox 682 526 727 563; x_wconf 90' lang='lat' dir='ltr'><strong>et</strong></span> <span class='ocrx_word' id='word_1_33' title='bbox 744 520 948 575; x_wconf 54' lang='lat' dir='ltr'><strong>pouerte,</strong></span> <span class='ocrx_word' id='word_1_34' title='bbox 969 517 1158 561; x_wconf 80' lang='lat' dir='ltr'><strong>insieme</strong></span> <span class='ocrx_word' id='word_1_35' title='bbox 1175 531 1261 560; x_wconf 93' lang='lat' dir='ltr'><strong>con</strong></span> <span class='ocrx_word' id='word_1_36' title='bbox 1282 516 1318 560; x_wconf 86' lang='lat' dir='ltr'><strong>il·</strong></span> <span class='ocrx_word' id='word_1_37' title='bbox 1331 531 1414 560; x_wconf 91' lang='lat' dir='ltr'><strong>suo</strong></span> <span class='ocrx_word' id='word_1_38' title='bbox 1435 518 1630 572; x_wconf 82' lang='lat' dir='ltr'><strong>frate1103</strong></span> <span class='ocrx_word' id='word_1_39' title='bbox 1650 519 1758 575; x_wconf 81' lang='lat' dir='ltr'><strong>pero</strong></span> <span class='ocrx_word' id='word_1_40' title='bbox 1778 533 1881 562; x_wconf 88' lang='lat' dir='ltr'><strong>esso</strong></span> 
     </span>
     <span class='ocr_line' id='line_1_5' title="bbox 248 593 1879 655; baseline -0.001 -16"><span class='ocrx_word' id='word_1_41' title='bbox 248 596 349 655; x_wconf 86' lang='lat' dir='ltr'><strong>(che</strong></span> <span class='ocrx_word' id='word_1_42' title='bbox 370 596 444 640; x_wconf 88' lang='lat' dir='ltr'><strong>del</strong></span> <span class='ocrx_word' id='word_1_43' title='bbox 465 610 548 639; x_wconf 92' lang='lat' dir='ltr'><strong>suo</strong></span> <span class='ocrx_word' id='word_1_44' title='bbox 573 596 747 639; x_wconf 83' lang='lat' dir='ltr'><strong>fratello</strong></span> <span class='ocrx_word' id='word_1_45' title='bbox 765 610 856 639; x_wconf 93' lang='lat' dir='ltr'><strong>non</strong></span> <span class='ocrx_word' id='word_1_46' title='bbox 878 609 929 637; x_wconf 93' lang='lat' dir='ltr'><strong>so</strong></span> <span class='ocrx_word' id='word_1_47' title='bbox 947 593 1075 650; x_wconf 84' lang='lat' dir='ltr'><strong>altro)</strong></span> <span class='ocrx_word' id='word_1_48' title='bbox 1098 608 1190 637; x_wconf 93' lang='lat' dir='ltr'><strong>non</strong></span> <span class='ocrx_word' id='word_1_49' title='bbox 1211 593 1248 638; x_wconf 90' lang='lat' dir='ltr'><strong>si</strong></span> <span class='ocrx_word' id='word_1_50' title='bbox 1271 595 1296 637; x_wconf 76' lang='lat' dir='ltr'><strong>e</strong></span> <span class='ocrx_word' id='word_1_51' title='bbox 1319 594 1616 638; x_wconf 76' lang='lat' dir='ltr'><strong>determinato</strong></span> <span class='ocrx_word' id='word_1_52' title='bbox 1638 596 1695 639; x_wconf 84' lang='lat' dir='ltr'><strong>ad</strong></span> <span class='ocrx_word' id='word_1_53' title='bbox 1715 596 1879 639; x_wconf 82' lang='lat' dir='ltr'><strong>alcuna</strong></span> 
     </span>
     <span class='ocr_line' id='line_1_6' title="bbox 249 670 1878 730; baseline -0.001 -14"><span class='ocrx_word' id='word_1_54' title='bbox 249 672 484 730; x_wconf 87' lang='lat' dir='ltr'><strong>religione,</strong></span> <span class='ocrx_word' id='word_1_55' title='bbox 509 673 691 729; x_wconf 77' lang='lat' dir='ltr'><strong>perche,</strong></span> <span class='ocrx_word' id='word_1_56' title='bbox 722 671 1036 714; x_wconf 83' lang='lat' dir='ltr'><strong>ritrouandose</strong></span> <span class='ocrx_word' id='word_1_57' title='bbox 1064 671 1106 714; x_wconf 87' lang='lat' dir='ltr'><strong>al</strong></span> <span class='ocrx_word' id='word_1_58' title='bbox 1136 677 1346 727; x_wconf 85' lang='lat' dir='ltr'><strong>presente</strong></span> <span class='ocrx_word' id='word_1_59' title='bbox 1373 670 1405 713; x_wconf 94' lang='lat' dir='ltr'><strong>il</strong></span> <span class='ocrx_word' id='word_1_60' title='bbox 1433 671 1626 728; x_wconf 89' lang='lat' dir='ltr'><strong>collegio</strong></span> <span class='ocrx_word' id='word_1_61' title='bbox 1647 671 1692 715; x_wconf 90' lang='lat' dir='ltr'><strong>di</strong></span> <span class='ocrx_word' id='word_1_62' title='bbox 1721 679 1878 716; x_wconf 86' lang='lat' dir='ltr'><strong>nostra</strong></span> 
     </span>
     <span class='ocr_line' id='line_1_7' title="bbox 248 747 1880 806; baseline 0.001 -13"><span class='ocrx_word' id='word_1_63' title='bbox 248 749 535 806; x_wconf 82' lang='lat' dir='ltr'><strong>Compagnia</strong></span> <span class='ocrx_word' id='word_1_64' title='bbox 571 748 619 791; x_wconf 92' lang='lat' dir='ltr'><strong>in</strong></span> <span class='ocrx_word' id='word_1_65' title='bbox 656 748 835 804; x_wconf 82' lang='lat' dir='ltr'><strong>Napoli‚</strong></span> <span class='ocrx_word' id='word_1_66' title='bbox 874 754 920 790; x_wconf 89' lang='lat' dir='ltr'><strong>et</strong></span> <span class='ocrx_word' id='word_1_67' title='bbox 957 748 1230 792; x_wconf 85' lang='lat' dir='ltr'><strong>restandone</strong></span> <span class='ocrx_word' id='word_1_68' title='bbox 1267 763 1346 804; x_wconf 91' lang='lat' dir='ltr'><strong>per</strong></span> <span class='ocrx_word' id='word_1_69' title='bbox 1382 747 1529 804; x_wconf 82' lang='lat' dir='ltr'><strong>gratia</strong></span> <span class='ocrx_word' id='word_1_70' title='bbox 1570 748 1644 792; x_wconf 88' lang='lat' dir='ltr'><strong>del</strong></span> <span class='ocrx_word' id='word_1_71' title='bbox 1685 748 1880 806; x_wconf 88' lang='lat' dir='ltr'><strong>Signore</strong></span> 
     </span>
     <span class='ocr_line' id='line_1_8' title="bbox 247 823 1876 882; baseline 0.001 -13"><span class='ocrx_word' id='word_1_72' title='bbox 247 833 403 870; x_wconf 89' lang='lat' dir='ltr'><strong>nostro</strong></span> <span class='ocrx_word' id='word_1_73' title='bbox 427 826 532 869; x_wconf 83' lang='lat' dir='ltr'><strong>tutti</strong></span> <span class='ocrx_word' id='word_1_74' title='bbox 554 825 768 878; x_wconf 85' lang='lat' dir='ltr'><strong>edificati,</strong></span> <span class='ocrx_word' id='word_1_75' title='bbox 790 839 891 869; x_wconf 87' lang='lat' dir='ltr'><strong>esso</strong></span> <span class='ocrx_word' id='word_1_76' title='bbox 913 825 938 868; x_wconf 79' lang='grc' dir='ltr'>ἑ</span> <span class='ocrx_word' id='word_1_77' title='bbox 961 823 1215 869; x_wconf 86' lang='lat' dir='ltr'><strong>disturbato</strong></span> <span class='ocrx_word' id='word_1_78' title='bbox 1231 825 1289 867; x_wconf 81' lang='lat' dir='ltr'><strong>da</strong></span> <span class='ocrx_word' id='word_1_79' title='bbox 1310 825 1416 880; x_wconf 91' lang='lat' dir='ltr'><strong>quel</strong></span> <span class='ocrx_word' id='word_1_80' title='bbox 1432 839 1515 869; x_wconf 92' lang='lat' dir='ltr'><strong>suo</strong></span> <span class='ocrx_word' id='word_1_81' title='bbox 1535 825 1681 882; x_wconf 88' lang='lat' dir='ltr'><strong>primo</strong></span> <span class='ocrx_word' id='word_1_82' title='bbox 1702 840 1876 882; x_wconf 78' lang='lat' dir='ltr'><strong>parere,</strong></span> 
     </span>
     <span class='ocr_line' id='line_1_9' title="bbox 249 901 1880 959; baseline 0.001 -13"><span class='ocrx_word' id='word_1_83' title='bbox 249 905 349 956; x_wconf 87' lang='lat' dir='ltr'><strong>che,</strong></span> <span class='ocrx_word' id='word_1_84' title='bbox 375 917 503 946; x_wconf 85' lang='lat' dir='ltr'><strong>come</strong></span> <span class='ocrx_word' id='word_1_85' title='bbox 531 904 591 946; x_wconf 93' lang='lat' dir='ltr'><strong>ho</strong></span> <span class='ocrx_word' id='word_1_86' title='bbox 619 902 750 956; x_wconf 88' lang='lat' dir='ltr'><strong>ditto,</strong></span> <span class='ocrx_word' id='word_1_87' title='bbox 784 909 949 948; x_wconf 84' lang='lat' dir='ltr'><strong>teneua</strong></span> <span class='ocrx_word' id='word_1_88' title='bbox 979 916 1112 946; x_wconf 88' lang='lat' dir='ltr'><strong>uerso</strong></span> <span class='ocrx_word' id='word_1_89' title='bbox 1135 902 1283 957; x_wconf 91' lang='lat' dir='ltr'><strong>quelle</strong></span> <span class='ocrx_word' id='word_1_90' title='bbox 1304 903 1394 947; x_wconf 88' lang='lat' dir='ltr'><strong>due</strong></span> <span class='ocrx_word' id='word_1_91' title='bbox 1415 901 1640 959; x_wconf 84' lang='lat' dir='ltr'><strong>religioni,</strong></span> <span class='ocrx_word' id='word_1_92' title='bbox 1667 909 1712 947; x_wconf 90' lang='lat' dir='ltr'><strong>et</strong></span> <span class='ocrx_word' id='word_1_93' title='bbox 1734 902 1809 959; x_wconf 60' lang='lat' dir='ltr'><strong>gia</strong></span> <span class='ocrx_word' id='word_1_94' title='bbox 1830 918 1880 948; x_wconf 85' lang='lat' dir='ltr'><strong>se</strong></span> 
     </span>
     <span class='ocr_line' id='line_1_10' title="bbox 247 979 1881 1037; baseline 0.001 -14"><span class='ocrx_word' id='word_1_95' title='bbox 247 981 438 1024; x_wconf 85' lang='lat' dir='ltr'><strong>sarebbe</strong></span> <span class='ocrx_word' id='word_1_96' title='bbox 471 981 613 1037; x_wconf 86' lang='lat' dir='ltr'><strong>(come</strong></span> <span class='ocrx_word' id='word_1_97' title='bbox 645 994 717 1022; x_wconf 87' lang='lat' dir='ltr'><strong>me</strong></span> <span class='ocrx_word' id='word_1_98' title='bbox 749 979 870 1036; x_wconf 83' lang='lat' dir='ltr'><strong>pare)</strong></span> <span class='ocrx_word' id='word_1_99' title='bbox 903 980 946 1022; x_wconf 86' lang='lat' dir='ltr'><strong>al</strong></span> <span class='ocrx_word' id='word_1_100' title='bbox 979 986 1098 1022; x_wconf 87' lang='lat' dir='ltr'><strong>tutto</strong></span> <span class='ocrx_word' id='word_1_101' title='bbox 1127 979 1426 1023; x_wconf 84' lang='lat' dir='ltr'><strong>determinato</strong></span> <span class='ocrx_word' id='word_1_102' title='bbox 1453 993 1533 1036; x_wconf 93' lang='lat' dir='ltr'><strong>per</strong></span> <span class='ocrx_word' id='word_1_103' title='bbox 1561 986 1715 1023; x_wconf 84' lang='lat' dir='ltr'><strong>nostra</strong></span> <span class='ocrx_word' id='word_1_104' title='bbox 1742 980 1881 1024; x_wconf 91' lang='lat' dir='ltr'><strong>Com-</strong></span> 
     </span>
     <span class='ocr_line' id='line_1_11' title="bbox 245 1055 1876 1114; baseline 0 -14"><span class='ocrx_word' id='word_1_105' title='bbox 245 1056 430 1114; x_wconf 83' lang='lat' dir='ltr'><strong>pagnia,</strong></span> <span class='ocrx_word' id='word_1_106' title='bbox 454 1071 597 1101; x_wconf 92' lang='lat' dir='ltr'><strong>senon</strong></span> <span class='ocrx_word' id='word_1_107' title='bbox 627 1057 746 1100; x_wconf 85' lang='lat' dir='ltr'><strong>fosse</strong></span> <span class='ocrx_word' id='word_1_108' title='bbox 774 1058 859 1101; x_wconf 92' lang='lat' dir='ltr'><strong>che</strong></span> <span class='ocrx_word' id='word_1_109' title='bbox 888 1071 991 1101; x_wconf 87' lang='lat' dir='ltr'><strong>esso</strong></span> <span class='ocrx_word' id='word_1_110' title='bbox 1021 1055 1180 1099; x_wconf 85' lang='lat' dir='ltr'><strong>dubita</strong></span> <span class='ocrx_word' id='word_1_111' title='bbox 1201 1057 1286 1100; x_wconf 94' lang='lat' dir='ltr'><strong>che</strong></span> <span class='ocrx_word' id='word_1_112' title='bbox 1314 1056 1380 1100; x_wconf 85' lang='lat' dir='ltr'><strong>sia</strong></span> <span class='ocrx_word' id='word_1_113' title='bbox 1412 1055 1570 1100; x_wconf 85' lang='lat' dir='ltr'><strong>inutile</strong></span> <span class='ocrx_word' id='word_1_114' title='bbox 1596 1063 1641 1101; x_wconf 92' lang='lat' dir='ltr'><strong>et</strong></span> <span class='ocrx_word' id='word_1_115' title='bbox 1668 1071 1876 1110; x_wconf 83' lang='lat' dir='ltr'><strong>oneroso,</strong></span> 
     </span>
     <span class='ocr_line' id='line_1_12' title="bbox 248 1132 1878 1190; baseline 0.001 -14"><span class='ocrx_word' id='word_1_116' title='bbox 248 1141 374 1177; x_wconf 82' lang='lat' dir='ltr'><strong>tanto</strong></span> <span class='ocrx_word' id='word_1_117' title='bbox 404 1148 483 1190; x_wconf 88' lang='lat' dir='ltr'><strong>per</strong></span> <span class='ocrx_word' id='word_1_118' title='bbox 515 1148 606 1176; x_wconf 93' lang='lat' dir='ltr'><strong>non</strong></span> <span class='ocrx_word' id='word_1_119' title='bbox 638 1135 807 1178; x_wconf 83' lang='lat' dir='ltr'><strong>hauere</strong></span> <span class='ocrx_word' id='word_1_120' title='bbox 838 1132 1003 1186; x_wconf 88' lang='lat' dir='ltr'><strong>littere,</strong></span> <span class='ocrx_word' id='word_1_121' title='bbox 1039 1147 1185 1178; x_wconf 88' lang='lat' dir='ltr'><strong>senon</strong></span> <span class='ocrx_word' id='word_1_122' title='bbox 1217 1147 1345 1178; x_wconf 91' lang='lat' dir='ltr'><strong>come</strong></span> <span class='ocrx_word' id='word_1_123' title='bbox 1377 1134 1437 1176; x_wconf 95' lang='lat' dir='ltr'><strong>ho</strong></span> <span class='ocrx_word' id='word_1_124' title='bbox 1469 1133 1610 1186; x_wconf 87' lang='lat' dir='ltr'><strong>detto,</strong></span> <span class='ocrx_word' id='word_1_125' title='bbox 1645 1139 1691 1177; x_wconf 90' lang='lat' dir='ltr'><strong>et</strong></span> <span class='ocrx_word' id='word_1_126' title='bbox 1713 1147 1878 1177; x_wconf 85' lang='lat' dir='ltr'><strong>ancora</strong></span> 
     </span>
     <span class='ocr_line' id='line_1_13' title="bbox 246 1209 1875 1267; baseline -0.001 -13"><span class='ocrx_word' id='word_1_127' title='bbox 246 1211 412 1267; x_wconf 80' lang='lat' dir='ltr'><strong>perche</strong></span> <span class='ocrx_word' id='word_1_128' title='bbox 442 1225 543 1255; x_wconf 88' lang='lat' dir='ltr'><strong>esso</strong></span> <span class='ocrx_word' id='word_1_129' title='bbox 571 1212 597 1254; x_wconf 79' lang='lat' dir='ltr'><strong>e</strong></span> <span class='ocrx_word' id='word_1_130' title='bbox 625 1211 839 1265; x_wconf 79' lang='lat' dir='ltr'><strong>alquanto</strong></span> <span class='ocrx_word' id='word_1_131' title='bbox 867 1210 1142 1267; x_wconf 89' lang='lat' dir='ltr'><strong>corpolente,</strong></span> <span class='ocrx_word' id='word_1_132' title='bbox 1175 1225 1285 1254; x_wconf 92' lang='lat' dir='ltr'><strong>ouer</strong></span> <span class='ocrx_word' id='word_1_133' title='bbox 1315 1220 1491 1267; x_wconf 85' lang='lat' dir='ltr'><strong>grasso.</strong></span> <span class='ocrx_word' id='word_1_134' title='bbox 1524 1211 1581 1253; x_wconf 93' lang='lat' dir='ltr'><strong>Et</strong></span> <span class='ocrx_word' id='word_1_135' title='bbox 1610 1210 1819 1255; x_wconf 88' lang='lat' dir='ltr'><strong>uedendo</strong></span> <span class='ocrx_word' id='word_1_136' title='bbox 1845 1209 1875 1252; x_wconf 90' lang='lat' dir='ltr'><strong>li</strong></span> 
     </span>
     <span class='ocr_line' id='line_1_14' title="bbox 245 1286 1872 1343; baseline 0.002 -14"><span class='ocrx_word' id='word_1_137' title='bbox 245 1286 390 1330; x_wconf 88' lang='lat' dir='ltr'><strong>nostri</strong></span> <span class='ocrx_word' id='word_1_138' title='bbox 414 1287 548 1330; x_wconf 81' lang='lat' dir='ltr'><strong>Padri</strong></span> <span class='ocrx_word' id='word_1_139' title='bbox 572 1294 616 1332; x_wconf 92' lang='lat' dir='ltr'><strong>et</strong></span> <span class='ocrx_word' id='word_1_140' title='bbox 640 1286 802 1331; x_wconf 85' lang='lat' dir='ltr'><strong>fratelli</strong></span> <span class='ocrx_word' id='word_1_141' title='bbox 825 1288 972 1332; x_wconf 85' lang='lat' dir='ltr'><strong>solere</strong></span> <span class='ocrx_word' id='word_1_142' title='bbox 1000 1287 1167 1331; x_wconf 80' lang='lat' dir='ltr'><strong>andare</strong></span> <span class='ocrx_word' id='word_1_143' title='bbox 1189 1287 1246 1330; x_wconf 86' lang='lat' dir='ltr'><strong>ad</strong></span> <span class='ocrx_word' id='word_1_144' title='bbox 1278 1293 1408 1330; x_wconf 91' lang='lat' dir='ltr'><strong>torno</strong></span> <span class='ocrx_word' id='word_1_145' title='bbox 1429 1301 1508 1343; x_wconf 89' lang='lat' dir='ltr'><strong>per</strong></span> <span class='ocrx_word' id='word_1_146' title='bbox 1529 1286 1708 1331; x_wconf 86' lang='lat' dir='ltr'><strong>diuerse</strong></span> <span class='ocrx_word' id='word_1_147' title='bbox 1729 1293 1872 1343; x_wconf 86' lang='lat' dir='ltr'><strong>parte,</strong></span> 
     </span>
     <span class='ocr_line' id='line_1_15' title="bbox 245 1362 1876 1420; baseline 0.001 -14"><span class='ocrx_word' id='word_1_148' title='bbox 245 1377 373 1407; x_wconf 89' lang='lat' dir='ltr'><strong>corne</strong></span> <span class='ocrx_word' id='word_1_149' title='bbox 395 1365 420 1407; x_wconf 80' lang='lat' dir='ltr'><strong>e</strong></span> <span class='ocrx_word' id='word_1_150' title='bbox 443 1363 705 1420; x_wconf 87' lang='lat' dir='ltr'><strong>espediente</strong></span> <span class='ocrx_word' id='word_1_151' title='bbox 726 1377 805 1420; x_wconf 91' lang='lat' dir='ltr'><strong>per</strong></span> <span class='ocrx_word' id='word_1_152' title='bbox 826 1363 858 1406; x_wconf 90' lang='lat' dir='ltr'><strong>il</strong></span> <span class='ocrx_word' id='word_1_153' title='bbox 877 1363 1073 1420; x_wconf 92' lang='lat' dir='ltr'><strong>bisogno</strong></span> <span class='ocrx_word' id='word_1_154' title='bbox 1093 1363 1167 1408; x_wconf 91' lang='lat' dir='ltr'><strong>del</strong></span> <span class='ocrx_word' id='word_1_155' title='bbox 1187 1362 1599 1420; x_wconf 84' lang='lat' dir='ltr'><strong>prossimo,&#39;iudica</strong></span> <span class='ocrx_word' id='word_1_156' title='bbox 1620 1378 1740 1417; x_wconf 88' lang='lat' dir='ltr'><strong>esso,</strong></span> <span class='ocrx_word' id='word_1_157' title='bbox 1766 1378 1876 1407; x_wconf 90' lang='lat' dir='ltr'><strong>ouer</strong></span> 
     </span>
     <span class='ocr_line' id='line_1_16' title="bbox 245 1439 1875 1497; baseline 0 -15"><span class='ocrx_word' id='word_1_158' title='bbox 245 1440 402 1484; x_wconf 81' lang='lat' dir='ltr'><strong>dubita</strong></span> <span class='ocrx_word' id='word_1_159' title='bbox 423 1455 515 1484; x_wconf 92' lang='lat' dir='ltr'><strong>non</strong></span> <span class='ocrx_word' id='word_1_160' title='bbox 537 1439 722 1497; x_wconf 86' lang='lat' dir='ltr'><strong>possere</strong></span> <span class='ocrx_word' id='word_1_161' title='bbox 745 1440 913 1497; x_wconf 90' lang='lat' dir='ltr'><strong>suplire</strong></span> <span class='ocrx_word' id='word_1_162' title='bbox 935 1440 977 1485; x_wconf 90' lang='lat' dir='ltr'><strong>al</strong></span> <span class='ocrx_word' id='word_1_163' title='bbox 998 1440 1210 1497; x_wconf 90' lang='lat' dir='ltr'><strong>bisogno;</strong></span> <span class='ocrx_word' id='word_1_164' title='bbox 1230 1447 1276 1484; x_wconf 89' lang='lat' dir='ltr'><strong>et</strong></span> <span class='ocrx_word' id='word_1_165' title='bbox 1291 1455 1371 1497; x_wconf 91' lang='lat' dir='ltr'><strong>per</strong></span> <span class='ocrx_word' id='word_1_166' title='bbox 1393 1446 1553 1496; x_wconf 91' lang='lat' dir='ltr'><strong>questo</strong></span> <span class='ocrx_word' id='word_1_167' title='bbox 1575 1439 1636 1483; x_wconf 90' lang='lat' dir='ltr'><strong>mi</strong></span> <span class='ocrx_word' id='word_1_168' title='bbox 1657 1439 1807 1485; x_wconf 90' lang='lat' dir='ltr'><strong>scriue</strong></span> <span class='ocrx_word' id='word_1_169' title='bbox 1829 1440 1875 1483; x_wconf 94' lang='lat' dir='ltr'><strong>di</strong></span> 
     </span>
     <span class='ocr_line' id='line_1_17' title="bbox 245 1517 1876 1574; baseline 0.001 -15"><span class='ocrx_word' id='word_1_170' title='bbox 245 1524 407 1572; x_wconf 89' lang='lat' dir='ltr'><strong>questo</strong></span> <span class='ocrx_word' id='word_1_171' title='bbox 429 1517 715 1562; x_wconf 85' lang='lat' dir='ltr'><strong>dimandasse</strong></span> <span class='ocrx_word' id='word_1_172' title='bbox 737 1517 767 1560; x_wconf 88' lang='lat' dir='ltr'><strong>il</strong></span> <span class='ocrx_word' id='word_1_173' title='bbox 789 1532 947 1574; x_wconf 84' lang='lat' dir='ltr'><strong>parere</strong></span> <span class='ocrx_word' id='word_1_174' title='bbox 969 1517 1014 1560; x_wconf 93' lang='lat' dir='ltr'><strong>di</strong></span> <span class='ocrx_word' id='word_1_175' title='bbox 1036 1518 1094 1561; x_wconf 92' lang='lat' dir='ltr'><strong>V.</strong></span> <span class='ocrx_word' id='word_1_176' title='bbox 1121 1518 1175 1560; x_wconf 92' lang='lat' dir='ltr'><strong>R.</strong></span> <span class='ocrx_word' id='word_1_177' title='bbox 1198 1519 1251 1560; x_wconf 90' lang='lat' dir='ltr'><strong>P.</strong></span> <span class='ocrx_word' id='word_1_178' title='bbox 1278 1518 1454 1573; x_wconf 79' lang='lat' dir='ltr'><strong>Questa</strong></span> <span class='ocrx_word' id='word_1_179' title='bbox 1475 1518 1501 1560; x_wconf 82' lang='lat' dir='ltr'><strong>e</strong></span> <span class='ocrx_word' id='word_1_180' title='bbox 1522 1517 1672 1572; x_wconf 81' lang='lat' dir='ltr'><strong>quella</strong></span> <span class='ocrx_word' id='word_1_181' title='bbox 1693 1517 1876 1562; x_wconf 84' lang='lat' dir='ltr'><strong>relatio-</strong></span> 
     </span>
     <span class='ocr_line' id='line_1_18' title="bbox 244 1593 1874 1651; baseline 0 -15"><span class='ocrx_word' id='word_1_182' title='bbox 244 1593 300 1637; x_wconf 85' lang='lat' dir='ltr'><strong>ne</strong></span> <span class='ocrx_word' id='word_1_183' title='bbox 323 1596 408 1638; x_wconf 89' lang='lat' dir='ltr'><strong>che</strong></span> <span class='ocrx_word' id='word_1_184' title='bbox 429 1594 473 1637; x_wconf 92' lang='lat' dir='ltr'><strong>io</strong></span> <span class='ocrx_word' id='word_1_185' title='bbox 495 1609 631 1651; x_wconf 89' lang='lat' dir='ltr'><strong>posso</strong></span> <span class='ocrx_word' id='word_1_186' title='bbox 653 1595 808 1647; x_wconf 81' lang='lat' dir='ltr'><strong>darne,</strong></span> <span class='ocrx_word' id='word_1_187' title='bbox 833 1608 891 1637; x_wconf 90' lang='lat' dir='ltr'><strong>ne</strong></span> <span class='ocrx_word' id='word_1_188' title='bbox 919 1608 971 1637; x_wconf 90' lang='lat' dir='ltr'><strong>so</strong></span> <span class='ocrx_word' id='word_1_189' title='bbox 992 1594 1105 1638; x_wconf 85' lang='lat' dir='ltr'><strong>altra</strong></span> <span class='ocrx_word' id='word_1_190' title='bbox 1132 1593 1463 1638; x_wconf 88' lang='lat' dir='ltr'><strong>consuetudine</strong></span> <span class='ocrx_word' id='word_1_191' title='bbox 1491 1593 1536 1636; x_wconf 92' lang='lat' dir='ltr'><strong>di</strong></span> <span class='ocrx_word' id='word_1_192' title='bbox 1559 1599 1714 1637; x_wconf 87' lang='lat' dir='ltr'><strong>nostra</strong></span> <span class='ocrx_word' id='word_1_193' title='bbox 1734 1594 1874 1637; x_wconf 89' lang='lat' dir='ltr'><strong>Com-</strong></span> 
     </span>
     <span class='ocr_line' id='line_1_19' title="bbox 242 1670 1871 1727; baseline 0 -14"><span class='ocrx_word' id='word_1_194' title='bbox 242 1670 424 1727; x_wconf 84' lang='lat' dir='ltr'><strong>pagnia.</strong></span> <span class='ocrx_word' id='word_1_195' title='bbox 450 1671 511 1715; x_wconf 93' lang='lat' dir='ltr'><strong>Se</strong></span> <span class='ocrx_word' id='word_1_196' title='bbox 528 1672 585 1715; x_wconf 92' lang='lat' dir='ltr'><strong>V.</strong></span> <span class='ocrx_word' id='word_1_197' title='bbox 613 1673 666 1714; x_wconf 88' lang='lat' dir='ltr'><strong>R.</strong></span> <span class='ocrx_word' id='word_1_198' title='bbox 688 1671 748 1713; x_wconf 92' lang='lat' dir='ltr'><strong>mi</strong></span> <span class='ocrx_word' id='word_1_199' title='bbox 765 1671 1098 1724; x_wconf 45' lang='lat' dir='ltr'><strong>commandere,</strong></span> <span class='ocrx_word' id='word_1_200' title='bbox 1123 1670 1166 1713; x_wconf 94' lang='lat' dir='ltr'><strong>io</strong></span> <span class='ocrx_word' id='word_1_201' title='bbox 1188 1670 1218 1713; x_wconf 89' lang='lat' dir='ltr'><strong>li</strong></span> <span class='ocrx_word' id='word_1_202' title='bbox 1240 1670 1507 1722; x_wconf 82' lang='lat' dir='ltr'><strong>rescriuero,</strong></span> <span class='ocrx_word' id='word_1_203' title='bbox 1533 1684 1660 1713; x_wconf 92' lang='lat' dir='ltr'><strong>come</strong></span> <span class='ocrx_word' id='word_1_204' title='bbox 1682 1684 1754 1714; x_wconf 90' lang='lat' dir='ltr'><strong>me</strong></span> <span class='ocrx_word' id='word_1_205' title='bbox 1770 1671 1871 1713; x_wconf 65' lang='lat' dir='ltr'><strong>sarii</strong></span> 
     </span>
     <span class='ocr_line' id='line_1_20' title="bbox 243 1746 1871 1804; baseline 0.001 -15"><span class='ocrx_word' id='word_1_206' title='bbox 243 1747 452 1803; x_wconf 88' lang='lat' dir='ltr'><strong>imposto.</strong></span> <span class='ocrx_word' id='word_1_207' title='bbox 478 1747 569 1791; x_wconf 94' lang='lat' dir='ltr'><strong>Noi</strong></span> <span class='ocrx_word' id='word_1_208' title='bbox 596 1762 675 1803; x_wconf 88' lang='lat' dir='ltr'><strong>per</strong></span> <span class='ocrx_word' id='word_1_209' title='bbox 703 1747 850 1804; x_wconf 84' lang='lat' dir='ltr'><strong>gratia</strong></span> <span class='ocrx_word' id='word_1_210' title='bbox 877 1747 949 1791; x_wconf 93' lang='lat' dir='ltr'><strong>del</strong></span> <span class='ocrx_word' id='word_1_211' title='bbox 979 1746 1150 1803; x_wconf 90' lang='lat' dir='ltr'><strong>signor’</strong></span> <span class='ocrx_word' id='word_1_212' title='bbox 1174 1754 1331 1790; x_wconf 89' lang='lat' dir='ltr'><strong>nostro</strong></span> <span class='ocrx_word' id='word_1_213' title='bbox 1358 1747 1460 1791; x_wconf 71' lang='lat' dir='ltr'><strong>lessi</strong></span> <span class='ocrx_word' id='word_1_214' title='bbox 1482 1747 1567 1790; x_wconf 77' lang='grc' dir='ltr'><strong>Χ.ο</strong></span> <span class='ocrx_word' id='word_1_215' title='bbox 1591 1746 1698 1789; x_wconf 90' lang='lat' dir='ltr'><strong>tutti</strong></span> <span class='ocrx_word' id='word_1_216' title='bbox 1725 1753 1871 1790; x_wconf 83' lang='lat' dir='ltr'><strong>stamo</strong></span> 
     </span>
     <span class='ocr_line' id='line_1_21' title="bbox 241 1821 1867 1880; baseline 0.001 -14"><span class='ocrx_word' id='word_1_217' title='bbox 241 1824 372 1868; x_wconf 90' lang='lat' dir='ltr'><strong>bene.</strong></span> <span class='ocrx_word' id='word_1_218' title='bbox 401 1824 458 1866; x_wconf 91' lang='lat' dir='ltr'><strong>Et</strong></span> <span class='ocrx_word' id='word_1_219' title='bbox 478 1838 558 1880; x_wconf 92' lang='lat' dir='ltr'><strong>per</strong></span> <span class='ocrx_word' id='word_1_220' title='bbox 577 1831 755 1879; x_wconf 87' lang='lat' dir='ltr'><strong>questa,</strong></span> <span class='ocrx_word' id='word_1_221' title='bbox 777 1838 867 1867; x_wconf 90' lang='lat' dir='ltr'><strong>non</strong></span> <span class='ocrx_word' id='word_1_222' title='bbox 888 1822 1210 1866; x_wconf 89' lang='lat' dir='ltr'><strong>occorrendoci</strong></span> <span class='ocrx_word' id='word_1_223' title='bbox 1232 1823 1362 1876; x_wconf 85' lang='lat' dir='ltr'><strong>altro,</strong></span> <span class='ocrx_word' id='word_1_224' title='bbox 1382 1823 1467 1867; x_wconf 87' lang='lat' dir='ltr'><strong>alle</strong></span> <span class='ocrx_word' id='word_1_225' title='bbox 1483 1821 1674 1866; x_wconf 83' lang='lat' dir='ltr'><strong>orationi</strong></span> <span class='ocrx_word' id='word_1_226' title='bbox 1695 1829 1742 1866; x_wconf 91' lang='lat' dir='ltr'><strong>et</strong></span> <span class='ocrx_word' id='word_1_227' title='bbox 1762 1837 1867 1867; x_wconf 87' lang='lat' dir='ltr'><strong>san-</strong></span> 
     </span>
     <span class='ocr_line' id='line_1_22' title="bbox 242 1898 1868 1956; baseline 0 -14"><span class='ocrx_word' id='word_1_228' title='bbox 242 1900 400 1943; x_wconf 89' lang='lat' dir='ltr'><strong>tissimi</strong></span> <span class='ocrx_word' id='word_1_229' title='bbox 428 1900 632 1956; x_wconf 88' lang='lat' dir='ltr'><strong>sacrificij</strong></span> <span class='ocrx_word' id='word_1_230' title='bbox 663 1901 720 1943; x_wconf 91' lang='lat' dir='ltr'><strong>de</strong></span> <span class='ocrx_word' id='word_1_231' title='bbox 748 1902 805 1944; x_wconf 90' lang='lat' dir='ltr'><strong>V.</strong></span> <span class='ocrx_word' id='word_1_232' title='bbox 839 1902 893 1943; x_wconf 87' lang='lat' dir='ltr'><strong>R.</strong></span> <span class='ocrx_word' id='word_1_233' title='bbox 926 1907 972 1945; x_wconf 88' lang='lat' dir='ltr'><strong>et</strong></span> <span class='ocrx_word' id='word_1_234' title='bbox 999 1900 1056 1944; x_wconf 91' lang='lat' dir='ltr'><strong>de</strong></span> <span class='ocrx_word' id='word_1_235' title='bbox 1085 1899 1189 1942; x_wconf 90' lang='lat' dir='ltr'><strong>tutti</strong></span> <span class='ocrx_word' id='word_1_236' title='bbox 1220 1899 1354 1942; x_wconf 82' lang='lat' dir='ltr'><strong>Padri</strong></span> <span class='ocrx_word' id='word_1_237' title='bbox 1376 1906 1422 1942; x_wconf 87' lang='lat' dir='ltr'><strong>et</strong></span> <span class='ocrx_word' id='word_1_238' title='bbox 1452 1898 1615 1943; x_wconf 85' lang='lat' dir='ltr'><strong>fratelli</strong></span> <span class='ocrx_word' id='word_1_239' title='bbox 1642 1901 1726 1942; x_wconf 90' lang='lat' dir='ltr'><strong>che</strong></span> <span class='ocrx_word' id='word_1_240' title='bbox 1754 1900 1868 1942; x_wconf 85' lang='lat' dir='ltr'><strong>costi</strong></span> 
     </span>
     <span class='ocr_line' id='line_1_23' title="bbox 239 1975 1865 2031; baseline -0.001 -12"><span class='ocrx_word' id='word_1_241' title='bbox 239 1991 352 2019; x_wconf 91' lang='lat' dir='ltr'><strong>sono</strong></span> <span class='ocrx_word' id='word_1_242' title='bbox 374 1977 512 2019; x_wconf 90' lang='lat' dir='ltr'><strong>molto</strong></span> <span class='ocrx_word' id='word_1_243' title='bbox 534 1991 607 2021; x_wconf 90' lang='lat' dir='ltr'><strong>me</strong></span> <span class='ocrx_word' id='word_1_244' title='bbox 629 1977 990 2021; x_wconf 81' lang='lat' dir='ltr'><strong>recomandamo.</strong></span> <span class='ocrx_word' id='word_1_245' title='bbox 1015 1978 1086 2020; x_wconf 87' lang='lat' dir='ltr'><strong>Da</strong></span> <span class='ocrx_word' id='word_1_246' title='bbox 1109 1975 1257 2019; x_wconf 92' lang='lat' dir='ltr'><strong>Tiuoli</strong></span> <span class='ocrx_word' id='word_1_247' title='bbox 1280 1991 1306 2019; x_wconf 82' lang='lat' dir='ltr'>a</span> <span class='ocrx_word' id='word_1_248' title='bbox 1328 1987 1353 2030; x_wconf 92' lang='lat'><em>7</em></span> <span class='ocrx_word' id='word_1_249' title='bbox 1383 1975 1428 2018; x_wconf 93' lang='lat' dir='ltr'><strong>di</strong></span> <span class='ocrx_word' id='word_1_250' title='bbox 1456 1976 1709 2020; x_wconf 88' lang='lat' dir='ltr'><strong>Decembre</strong></span> <span class='ocrx_word' id='word_1_251' title='bbox 1738 1986 1865 2031; x_wconf 86' lang='lat'><strong>1554.</strong></span> 
     </span>
    </p>
   </div>
   <div class='ocr_carea' id='block_1_3' title="bbox 239 2053 1688 2173">
    <p class='ocr_par' dir='ltr' id='par_1_3' title="bbox 239 2053 1688 2173">
     <span class='ocr_line' id='line_1_24' title="bbox 239 2053 857 2110; baseline 0 -13"><span class='ocrx_word' id='word_1_252' title='bbox 239 2055 298 2097; x_wconf 90' lang='lat' dir='ltr'><strong>D.</strong></span> <span class='ocrx_word' id='word_1_253' title='bbox 325 2054 382 2098; x_wconf 91' lang='lat' dir='ltr'><strong>V.</strong></span> <span class='ocrx_word' id='word_1_254' title='bbox 409 2055 465 2097; x_wconf 90' lang='lat' dir='ltr'><strong>R.</strong></span> <span class='ocrx_word' id='word_1_255' title='bbox 490 2068 623 2098; x_wconf 88' lang='lat' dir='ltr'><strong>seruo</strong></span> <span class='ocrx_word' id='word_1_256' title='bbox 640 2053 857 2110; x_wconf 86' lang='lat' dir='ltr'><strong>indegno,</strong></span> 
     </span>
     <span class='ocr_line' id='line_1_25' title="bbox 1129 2129 1688 2173; baseline 0 -1"><span class='ocrx_word' id='word_1_257' title='bbox 1129 2130 1360 2173; x_wconf 82' lang='lat' dir='ltr'><strong>LORENzo</strong></span> <span class='ocrx_word' id='word_1_258' title='bbox 1389 2129 1688 2173; x_wconf 85' lang='lat' dir='ltr'><strong>CAUALIERE.</strong></span> 
     </span>
    </p>
   </div>
   <div class='ocr_carea' id='block_1_4' title="bbox 239 2205 1871 2405">
    <p class='ocr_par' dir='ltr' id='par_1_4' title="bbox 239 2205 1871 2405">
     <span class='ocr_line' id='line_1_26' title="bbox 329 2205 1871 2263; baseline 0 -14"><span class='ocrx_word' id='word_1_259' title='bbox 329 2207 588 2263; x_wconf 76' lang='lat' dir='ltr'><strong>Inscriptio:</strong></span> <span class='ocrx_word' id='word_1_260' title='bbox 608 2207 669 2250; x_wconf 92' lang='lat' dir='ltr'><strong>Al</strong></span> <span class='ocrx_word' id='word_1_261' title='bbox 691 2207 831 2251; x_wconf 91' lang='lat' dir='ltr'><strong>molto</strong></span> <span class='ocrx_word' id='word_1_262' title='bbox 860 2207 974 2250; x_wconf 94' lang='lat' dir='ltr'><strong>Rdo.</strong></span> <span class='ocrx_word' id='word_1_263' title='bbox 1007 2206 1053 2249; x_wconf 92' lang='lat' dir='ltr'><strong>in</strong></span> <span class='ocrx_word' id='word_1_264' title='bbox 1082 2206 1167 2250; x_wconf 89' lang='lat' dir='ltr'><strong>X.⁰</strong></span> <span class='ocrx_word' id='word_1_265' title='bbox 1191 2207 1354 2259; x_wconf 87' lang='lat' dir='ltr'><strong>Padre,</strong></span> <span class='ocrx_word' id='word_1_266' title='bbox 1386 2205 1417 2248; x_wconf 94' lang='lat' dir='ltr'><strong>il</strong></span> <span class='ocrx_word' id='word_1_267' title='bbox 1447 2207 1500 2249; x_wconf 91' lang='lat' dir='ltr'><strong>P.</strong></span> <span class='ocrx_word' id='word_1_268' title='bbox 1527 2208 1590 2250; x_wconf 90' lang='lat' dir='ltr'><strong>M.</strong></span> <span class='ocrx_word' id='word_1_269' title='bbox 1616 2205 1793 2262; x_wconf 84' lang='lat' dir='ltr'><strong>Ignatio</strong></span> <span class='ocrx_word' id='word_1_270' title='bbox 1814 2207 1871 2249; x_wconf 89' lang='lat' dir='ltr'><strong>de</strong></span> 
     </span>
     <span class='ocr_line' id='line_1_27' title="bbox 240 2282 1866 2341; baseline -0.002 -13"><span class='ocrx_word' id='word_1_271' title='bbox 240 2285 426 2340; x_wconf 86' lang='lat' dir='ltr'><strong>Loyola,</strong></span> <span class='ocrx_word' id='word_1_272' title='bbox 451 2283 678 2340; x_wconf 92' lang='lat' dir='ltr'><strong>preposito</strong></span> <span class='ocrx_word' id='word_1_273' title='bbox 705 2284 918 2340; x_wconf 84' lang='lat' dir='ltr'><strong>generale</strong></span> <span class='ocrx_word' id='word_1_274' title='bbox 946 2284 1064 2327; x_wconf 84' lang='lat' dir='ltr'><strong>della</strong></span> <span class='ocrx_word' id='word_1_275' title='bbox 1093 2283 1375 2340; x_wconf 83' lang='lat' dir='ltr'><strong>Compagnia</strong></span> <span class='ocrx_word' id='word_1_276' title='bbox 1402 2282 1447 2326; x_wconf 91' lang='lat' dir='ltr'><strong>di</strong></span> <span class='ocrx_word' id='word_1_277' title='bbox 1471 2284 1599 2341; x_wconf 75' lang='lat' dir='ltr'><strong>Jessi,</strong></span> <span class='ocrx_word' id='word_1_278' title='bbox 1629 2282 1675 2325; x_wconf 91' lang='lat' dir='ltr'><strong>in</strong></span> <span class='ocrx_word' id='word_1_279' title='bbox 1705 2284 1866 2335; x_wconf 86' lang='lat' dir='ltr'><strong>Roma,</strong></span> 
     </span>
     <span class='ocr_line' id='line_1_28' title="bbox 239 2360 940 2405; baseline 0 -2"><span class='ocrx_word' id='word_1_280' title='bbox 239 2361 286 2403; x_wconf 88' lang='lat' dir='ltr'><strong>in</strong></span> <span class='ocrx_word' id='word_1_281' title='bbox 308 2367 436 2405; x_wconf 84' lang='lat' dir='ltr'><strong>santa</strong></span> <span class='ocrx_word' id='word_1_282' title='bbox 458 2360 600 2405; x_wconf 84' lang='lat' dir='ltr'><strong>Maria</strong></span> <span class='ocrx_word' id='word_1_283' title='bbox 623 2361 740 2405; x_wconf 86' lang='lat' dir='ltr'><strong>della</strong></span> <span class='ocrx_word' id='word_1_284' title='bbox 763 2361 940 2405; x_wconf 85' lang='lat' dir='ltr'><strong>Strada.</strong></span> 
     </span>
    </p>
   </div>
  </div>
 </body>
</html>
