2040 3458
287 205 356 251 478
777 205 1016 241 Ems‘rOLAE
1041 205 1325 251 Mix'rAE-on

234 314 431 363 respota,
456 306 530 351 del
552 307 684 362 quale
706 306 856 350 subito
877 308 963 351 che
984 307 1128 350 hauro
1155 305 1374 358 riceuuta,
1399 320 1491 348 non
1512 307 1756 350 manchero
1778 319 1862 348 no-

234 383 406 427 tificare
428 384 514 428 alle
536 384 584 428 S.
611 384 668 427 V.
695 383 837 426 Illme.
863 397 950 426 con
971 383 1001 425 1³
1026 382 1206 426 ordinar
1233 396 1425 438 persona
1453 382 1499 424 in
1528 397 1589 425 un
1617 381 1862 425 medesimo

234 467 402 517 tempo,
421 463 460 504 c’
480 460 646 504 habbia
661 475 741 517 per
756 461 799 504 la
822 461 1003 504 sudetta
1023 458 1156 502 badia
1178 474 1203 502 a
1224 458 1500 503 interuenire
1517 459 1558 502 al
1574 458 1863 503 stabilmento

231 537 291 580 da
313 536 417 581 farsi
439 537 557 582 (13116
578 536 827 581 conditioni
849 537 1121 593 sopradette.
1149 537 1205 578 Et
1226 550 1314 579 con
1335 542 1496 591 questo
1517 535 1606 579 fine
1629 535 1713 578 alle
1730 536 1779 580 S.
1801 536 1859 579 V.

233 613 372 657 Illme.
398 614 455 658 da
476 628 615 658 cuore
637 614 697 656 mi
721 613 1036 666 raccomando,
1061 619 1106 656 et
1127 613 1170 657 le
1187 626 1363 669 auguro
1385 619 1431 655 et
1452 611 1609 669 priego
1630 611 1741 668 ogni
1763 611 1863 655 feli-

231 689 337 734 cita.
359 690 416 734 Di
439 691 630 735 Carrara
651 690 725 734 alli
747 689 790 733 xi
812 690 858 732 di
879 689 1010 734 X.bre
1037 699 1163 745 1554.
1189 690 1319 734 Delle
1336 690 1383 734 S.
1405 690 1462 733 V.
1484 689 1622 733 Illme.
1643 688 1864 734 seruitore

234 767 531 820 affettionato,

955 845 1003 888 ΙΙ,
1027 857 1309 888 MARCHESSE
1331 856 1379 887 m
1405 844 1571 887 MASSA
1597 843 1625 885 ¹.

322 923 363 965 A
386 925 514 979 tergo
536 922 630 964 alia
652 936 810 964 manu:
826 921 970 977 Copia
986 922 1104 966 della
1119 921 1280 966 lettera
1294 920 1368 963 del
1384 921 1618 965 marchese
1635 919 1680 963 di
1697 921 1862 963 Massa.

999 1147 1106 1187 ou

754 1248 1085 1286 FRANCISCUS
1112 1249 1343 1286 PALMIUS

612 1333 797 1376 PATRI
829 1334 1092 1377 IGNATIO
1124 1335 1207 1377 DE
1237 1335 1497 1378 LOYOLA

702 1435 891 1463 ΒοΝοΝΙΑ
920 1436 962 1463 12
989 1435 1226 1464 DECEMBms
1255 1435 1346 1473 1554
1370 1430 1399 1463 2.

231 1502 398 1550 Quaerit
415 1503 586 1539 Palmius
604 1504 653 1539 ab
671 1504 838 1550 Ignatio,
858 1504 953 1551 quid
970 1505 1114 1540 sentiat
1127 1505 1211 1552 ipse
1229 1505 1278 1541 de
1301 1505 1500 1552 proposito
1527 1504 1732 1540 Violantae
1757 1504 1865 1540 Goz-

304 1562 479 1606 zadinae,
498 1567 775 1598 testamentum
795 1563 834 1598 in
852 1563 1026 1599 favorem
1050 1563 1257 1600 Societatis
1275 1564 1443 1600 volentis
1469 1563 1652 1611 condere,
1679 1574 1723 1599 ac
1748 1564 1866 1609 bona,

304 1627 391 1669 post
416 1621 583 1657 filiorum
608 1627 787 1668 mortem,
813 1622 887 1669 ipsi
912 1623 1404 1660 cedentis.—Incommoda
1427 1635 1526 1671 quae
1549 1623 1640 1659 inde
1663 1622 1867 1670 praevidet

305 1680 464 1716 oritura.

323 1766 420 1807 Pax
457 1764 561 1820 Xpi.
604 1765 769 1808 Amen.
807 1766 949 1808 Molto
982 1765 1096 1808 Rdo.
1131 1764 1179 1807 in
1212 1764 1395 1808 Christo
1423 1766 1583 1809 Padre.
1620 1765 1795 1808 Perche
1823 1765 1866 1808 la

232 1841 475 1898 magnifica
511 1841 754 1895 madonna,
795 1841 1005 1885 Violanta
1041 1841 1349 1899 Goggiadina,
1382 1844 1442 1885 ha
1478 1856 1655 1898 sempre
1691 1847 1867 1898 portata

232 1918 407 1975 grande
429 1917 601 1961 charita
623 1918 709 1962 3113
731 1918 1014 1975 Compagnia
1035 1925 1204 1971 nostra,
1230 1918 1275 1962 di
1298 1920 1430 1962 modo
1453 1919 1557 1972 tale,
1583 1920 1683 1971 che,
1709 1917 1867 1974 quanti

233 2009 346 2038 sono
367 1994 473 2037 stati
496 1994 573 2050 qui
595 1995 713 2040 della
735 1994 1037 2052 Compagnia,
1061 1996 1137 2039 lha
1164 1997 1334 2039 hauuta
1361 1996 1500 2039 molto
1527 1997 1665 2039 amor’
1685 2009 1711 2039 6
1733 2009 1863 2040 reue-

233 2085 385 2124 renza,
410 2073 522 2115 hora
543 2072 684 2115 sendo
706 2071 764 2116 lei
782 2078 950 2116 restata
965 2071 1095 2129 priua
1111 2073 1167 2117 de
1184 2072 1290 2115 tutti
1306 2072 1338 2115 11
1354 2072 1453 2116 suoi
1474 2071 1665 2129 figliuoli
1687 2073 1720 2125 ³,
1741 2073 1867 2116 saluo

234 2148 282 2191 di
311 2150 373 2191 M.
408 2148 563 2192 Giulio
594 2149 750 2203 Cesar,
775 2150 848 2191 ch’
879 2149 905 2192 e
933 2150 1183 2202 sacerdote,
1217 2165 1243 2194 e
1269 2149 1314 2192 d’
1347 2164 1436 2193 una
1463 2149 1634 2206 figliola
1661 2148 1869 2192 maritata

234 2224 282 2267 in
309 2239 400 2267 vno
429 2224 748 2281 gentilhuomo
776 2225 944 2279 riccho,
977 2227 1177 2270 uorebbe
1209 2226 1301 2270 fare
1332 2226 1363 2268 il
1395 2241 1477 2270 suo
1505 2232 1790 2280 testamento,
1822 2231 1869 2269 et

235 2301 422 2344 lasciare
445 2307 565 2345 tutto
589 2302 738 2357 quello
767 2304 850 2346 che
879 2305 970 2359 puo
999 2302 1186 2348 lasciare
1208 2305 1307 2361 (che
1334 2302 1395 2345 mi
1417 2302 1517 2346 dice
1546 2302 1787 2359 importara
1809 2303 1867 2346 da

235 2385 303 2420 tre
324 2392 351 2420 0
373 2385 556 2433 quattro
579 2378 715 2422 millia
737 2379 897 2434 scudi),
923 2395 1004 2436 per
1024 2381 1068 2423 13
1090 2380 1350 2424 fondatione
1370 2380 1443 2424 del
1465 2364 1690 2436 colleggio
1706 2378 1751 2422 di
1774 2381 1866 2423 Bo-

232 2454 387 2511 logna,
413 2468 499 2498 con
521 2462 680 2510 questa
701 2470 925 2512 grauezza
946 2457 1103 2513 perho,
1128 2458 1213 2501 che
1233 2456 1248 2499 i
1270 2456 1382 2500 detti
1402 2456 1592 2513 figliuoli
1614 2455 1716 2499 suoi
1739 2455 1867 2499 siano

237 2531 550 2588 usufruttuarij
575 2532 620 2575 di
642 2546 724 2575 sua
745 2533 963 2586 heredita,
988 2533 1234 2583 sino‚tanto
1255 2535 1339 2577 che
1361 2533 1597 2587 uiueran03
1618 2548 1691 2576 ma
1712 2534 1796 2577 che
1817 2532 1862 2575 di

306 2708 318 2729 ¹
369 2709 429 2744 «Is
448 2714 530 2744 erat
549 2709 754 2745 Albericus
769 2710 881 2757 Cibo,
897 2716 1033 2758 postea
1047 2711 1232 2758 Princeps
1249 2711 1298 2747 de
1313 2712 1439 2746 Massa
1455 2710 1621 2746 dictus».
1640 2710 1861 2756 POLANCO,

235 2773 264 2803 t.
285 2777 341 2814 lv,
360 2780 453 2815 pag.
477 2778 537 2813 44,
557 2781 595 2804 n.
616 2776 678 2815 70,
697 2775 827 2805 annot.
848 2769 883 2805 3.

306 2830 320 2849 2
371 2828 429 2862 Ex
447 2829 686 2875 autographo
704 2827 742 2864 in
760 2830 836 2864 vol.
857 2830 901 2875 E,
921 2829 1067 2877 duplici
1084 2829 1188 2875 folio,
1208 2842 1251 2865 n.
1276 2838 1334 2875 54,
1353 2830 1460 2877 prius
1477 2830 1538 2865 88.

307 2887 322 2907 ⁵
371 2886 485 2922 Haud
522 2888 643 2923 multo
679 2893 769 2923 ante
806 2889 957 2925 obierat
992 2889 1179 2925 Camillus
1215 2889 1461 2926 Gozzadinus
1473 2918 1482 2936 ,
1515 2888 1721 2925 Violantae
1757 2888 1861 2926 filius

232 2944 360 2981 adhuc
374 2945 547 2992 juvenis,
565 2958 640 2994 qua
658 2947 861 2983 occasione
880 2948 1156 2985 consolatorias
1174 2949 1222 2985 ad
1241 2955 1402 2985 matrem
1417 2949 1565 2985 litteras
1579 2949 1734 2997 scripsit
1748 2950 1861 2995 Igna·

233 3004 327 3049 tius,
351 3004 509 3048 Cartas,
531 3011 557 3041 t.
577 3015 633 3052 1v‚
652 3017 742 3053 pag.
761 3015 827 3052 491
849 3014 888 3044 et
904 3007 987 3055 395.
