2112 3568
713 710 830 764 AD
874 690 1316 763 LECTOREM

281 1145 348 1188 Eo
371 1145 578 1188 feruntur
599 1142 818 1187 hodierna
843 1141 1114 1199 sapientium
1141 1141 1306 1195 studia,
1331 1149 1398 1196 ut,
1423 1144 1480 1187 ad
1503 1146 1830 1200 perscrutanda

187 1220 474 1285 antiquitatis
493 1219 689 1277 vestigia
717 1218 1103 1275 hauriendamque
1130 1218 1351 1263 sinceram
1372 1220 1430 1264 de
1452 1222 1588 1266 rebus
1608 1223 1829 1279 praeteri-

179 1298 243 1343 tis
264 1297 487 1350 notitiam,
507 1296 650 1341 velint
667 1296 875 1340 homines
892 1297 950 1339 ad
966 1310 1134 1339 coaeva
1149 1294 1461 1352 monumenta,
1485 1299 1674 1354 pulvere
1690 1313 1826 1357 saepe

182 1375 343 1428 obsita,
369 1375 601 1428 accedere,
625 1389 682 1418 ex
705 1372 891 1430 privatis
914 1372 1191 1428 intimisque,
1218 1374 1336 1417 ultro
1352 1374 1556 1431 citroque
1573 1376 1824 1421 commissis

175 1452 340 1496 litteris
366 1459 445 1495 aut
472 1451 821 1503 narrationibus,
863 1465 991 1494 suam
1028 1449 1114 1494 sibi
1151 1450 1429 1507 progignere
1457 1452 1745 1507 sententiam,
1776 1460 1825 1498 et

176 1529 380 1574 collectis
401 1529 505 1572 hinc
525 1528 632 1573 inde
653 1527 866 1585 dispersis
883 1527 1116 1582 membris,
1138 1542 1302 1584 corpus
1321 1542 1463 1572 unum
1481 1537 1818 1587 coagmentare,

179 1607 302 1662 quod
337 1605 487 1650 nervis
522 1612 568 1650 et
604 1605 784 1649 ossibus
822 1605 1026 1659 firment,
1068 1605 1186 1662 pelle
1222 1605 1442 1659 vestiant,
1487 1606 1700 1664 penicillo
1737 1623 1821 1652 suo

179 1690 356 1738 ornent;
386 1683 459 1726 cui
487 1684 670 1726 demum
699 1681 907 1739 spiritum
938 1682 1172 1738 vitamque
1199 1681 1457 1727 infundant.
1498 1685 1667 1741 Ingens
1695 1692 1819 1729 certe

178 1760 320 1813 labor,
346 1767 391 1805 et
412 1759 688 1816 hujusmodi,
711 1773 846 1816 quem
862 1774 955 1803 non
970 1759 1174 1803 omnium
1192 1759 1369 1804 humeri
1388 1760 1505 1806 ferre
1521 1762 1716 1815 valeant,
1738 1764 1818 1807 sed

175 1837 409 1893 jucundus
430 1836 583 1892 etiam,
609 1835 850 1893 siquidem,
875 1844 926 1880 ut
946 1843 1083 1893 poeta
1108 1838 1119 1858 ¹
1144 1843 1312 1881 monet:

506 1954 666 1992 Gratius
684 1967 734 1991 ex
752 1955 837 2002 ipso
854 1954 962 1991 fonte
980 1955 1167 1991 bibuntur
1186 1966 1321 2003 aquae.

262 2069 372 2112 Esto
393 2067 622 2125 incompta
644 2082 779 2125 saepe
800 2067 874 2121 sit,
894 2074 940 2113 et
958 2067 1202 2124 aliquando
1219 2068 1400 2112 horrida
1416 2068 1564 2123 nimis,
1585 2070 1744 2115 oratio:
1766 2078 1813 2114 at

170 2144 351 2202 integra
378 2145 493 2190 fides
529 2152 574 2189 et
614 2145 737 2189 nuda
765 2145 932 2190 veritas
969 2145 1242 2202 cuicumque
1278 2146 1455 2190 ornatui
1486 2142 1813 2204 lenociniisque

170 2222 418 2267 verborum
441 2223 775 2279 anteponenda3

501 2347 552 2382 Et
569 2346 694 2393 magis
712 2345 880 2382 adducto
894 2357 1052 2394 pomum
1070 2346 1282 2394 decerpere
1299 2357 1420 2390 rame,

547 2412 675 2458 Quam
693 2411 742 2448 de
761 2413 911 2448 caelata
929 2423 1082 2447 sumere
1102 2413 1227 2459 lance,
1244 2412 1371 2459 juvat;

165 2536 221 2573 ut
243 2529 364 2575 idem
387 2531 583 2576 Ovidius
605 2531 682 2576 ait.

256 2607 344 2651 His
365 2622 478 2665 ergo
507 2607 721 2652 studiosis
751 2624 902 2654 rerum
938 2617 1213 2664 nostrarum,
1245 2608 1322 2666 qui
1349 2609 1396 2652 in
1425 2608 1615 2666 propriis
1642 2624 1806 2653 monu-

162 2684 346 2737 mentis,
362 2700 453 2728 non
470 2685 517 2728 in
533 2684 851 2730 historicorum
868 2686 1010 2740 libris,
1025 2686 1287 2731 memoriam
1303 2685 1553 2743 priscorum
1569 2686 1806 2730 hominum

163 2760 221 2803 de
238 2760 464 2806 Societate
475 2763 586 2820 Jesu
605 2777 828 2820 renovare
848 2770 927 2807 aut
943 2764 1224 2809 constituere
1240 2770 1472 2820 satagunt,
1486 2762 1805 2819 amplissimam

161 2835 348 2892 quidem
371 2845 578 2895 segetem
596 2841 918 2890 ‚demetendam
943 2840 1297 2897 purissimosque
1318 2839 1475 2884 latices
1501 2839 1722 2884 bibendos
1743 2841 1806 2884 ob

161 2913 320 2956 oculos
341 2922 518 2970 ponunt
538 2916 768 2972 Epistolae
786 2918 976 2971 Mixtae,
999 2932 1190 2974 quarum
1212 2917 1302 2961 vol.
1328 2918 1407 2971 IV,
1432 2931 1535 2960 cum
1560 2915 1702 2960 tribus
1723 2920 1807 2960 su-

238 3079 250 3100 ¹
305 3077 501 3127 OVIDIUS,
520 3081 584 3117 Ex
602 3082 747 3129 Ponto,
766 3083 834 3120 lib.
855 3093 912 3130 111,
932 3084 1048 3131 epist.
1067 3097 1107 3131 v,
1129 3083 1249 3119 18-20.

1918 263 1951 291 j.
