2014 3470
761 261 785 298 3
810 261 1027 300 Oc'ronms
1056 269 1147 307 1554
1685 262 1758 309 377

169 378 279 422 gno,
303 370 350 408 et
371 362 538 407 iudicio
560 363 807 420 praeditus,
831 370 877 408 et
898 362 1094 420 poemati
1115 377 1302 419 prorsus
1323 370 1474 417 natus,
1507 363 1632 407 rudis
1654 371 1804 408 tamen

170 447 217 486 et
238 440 425 498 ignarus
446 447 537 493 est,
562 447 658 484 tum
680 440 913 486 literarum
941 454 1230 498 graecarum,
1263 448 1358 483 tum
1387 441 1497 485 artis
1524 440 1725 494 dicendi,
1757 449 1803 486 et

171 517 291 561 illam
309 531 490 574 quoque
506 531 773 574 graecarum
790 517 1020 561 literarum
1037 516 1085 561 in
1101 516 1220 561 illius
1236 517 1358 560 scola
1374 517 1655 574 prouinciam
1674 517 1800 562 obire

171 609 244 638 me
264 608 380 651 opus
395 601 479 639 est.
500 593 590 637 Hic
606 601 982 638 commemoratus
999 594 1136 638 frater
1151 600 1221 638 est
1236 594 1420 650 pietate,
1444 601 1652 651 poemate
1668 601 1714 637 et
1730 594 1800 637 di-

171 670 360 728 ligentia
381 670 588 728 insigniS,
613 678 660 715 et
681 678 804 715 recte
825 685 908 714 suo
930 670 1137 728 fungitur
1159 685 1362 716 munere.

258 749 315 792 D.
336 749 537 806 Joannes
559 748 778 804 Baptista,
804 748 1032 803 quondam
1052 750 1207 791 noster
1222 747 1487 804 discipuluS,
1513 747 1612 808 [est]
1629 747 1803 791 soelicis

167 823 357 881 ingenii,
382 832 428 867 et
450 824 734 869 obedientiae
755 824 964 877 eximiae,
989 824 1156 881 quippe
1177 824 1256 880 qui
1276 824 1496 881 singulari
1517 825 1738 869 charitate
1757 831 1803 868 et

166 900 319 944 studio
340 901 537 944 instituit
559 901 860 954 iuuentutem,
887 908 932 946 et
952 901 999 944 in
1015 915 1069 945 ea
1085 901 1296 945 omnibus
1312 901 1549 954 satisfacit,
1570 902 1695 957 quod
1711 915 1803 944 non

167 993 334 1035 paruae
357 977 539 1022 uirtutis
561 985 631 1021 est
658 978 706 1021 in
732 977 879 1031 Italia,
914 977 1178 1034 praesertim
1209 977 1257 1022 in
1286 985 1441 1021 nostra
1468 977 1722 1031 Societate,
1756 985 1803 1021 et

164 1057 382 1100 succedet
403 1057 461 1099 D.
488 1054 770 1100 Sebastiano.

254 1134 312 1176 D.
346 1133 571 1184 Saluator,
602 1133 726 1176 haud
754 1131 967 1176 mediocri
1004 1132 1190 1189 ingenio
1217 1138 1374 1185 natus,
1413 1131 1646 1188 praedicto
1673 1131 1799 1176 fratri

167 1210 398 1262 succedet,
424 1208 502 1265 qui
523 1223 681 1252 omnes
703 1209 836 1254 ualde
858 1223 994 1265 opera
1015 1208 1220 1266 magistri
1236 1208 1461 1266 indigent,
1481 1216 1532 1252 ut
1553 1217 1599 1253 et
1619 1208 1800 1266 sapien-

170 1292 238 1330 ter
259 1286 467 1338 doceant,
493 1293 538 1331 et
559 1286 644 1343 ipsi
666 1286 920 1343 proficiant,
941 1301 1000 1331 ne
1015 1288 1287 1330 contrahant
1312 1286 1449 1329 modo
1470 1285 1556 1329 sibi
1573 1286 1799 1342 quendam

166 1362 451 1419 ignorantiae
472 1363 676 1407 habitum
699 1363 745 1406 in
769 1363 935 1407 teneris
965 1364 1106 1408 ferme
1132 1363 1284 1416 annis,
1316 1364 1374 1406 ad
1402 1377 1536 1418 quem
1565 1365 1696 1420 (proh
1718 1364 1800 1407 do-

167 1439 251 1494 lor,
274 1439 320 1482 id
342 1439 496 1483 euenit
512 1440 681 1496 multis)
699 1447 913 1496 tanquam
931 1440 989 1484 ad
1005 1441 1220 1497 scopulos
1237 1439 1437 1484 sireneos
1455 1448 1797 1493 consenescant,

164 1523 214 1561 et
234 1515 566 1570 inueterentur,
588 1524 638 1560 ut
666 1524 824 1574 postea
854 1518 911 1561 ad
939 1516 1190 1560 doctrinam
1220 1518 1339 1560 hanc
1365 1517 1678 1560 humaniorem
1709 1518 1801 1560 for-

167 1592 279 1636 mari
301 1601 544 1648 nequeant.

256 1671 309 1713 P.
336 1670 647 1723 Sebastianus,
673 1670 914 1724 lusitanus,
940 1670 1048 1727 quid
1070 1671 1221 1716 valeat
1242 1670 1430 1727 ingenio
1452 1679 1498 1715 et
1525 1670 1796 1723 eruditione,

162 1746 298 1800 nosti3
325 1754 476 1792 tamen
497 1747 660 1791 docilis
678 1755 763 1800 est,
787 1754 832 1791 et
855 1749 1160 1805 progreditur.

255 1825 391 1867 Pater
424 1825 482 1867 ob
509 1824 690 1882 collegii
719 1825 1042 1870 detrimentum
1073 1827 1084 1848 ¹
1115 1827 1322 1883 exemplo
1353 1826 1542 1870 aliorum
1571 1832 1798 1869 rectorum

162 1900 363 1956 explodit
384 1902 736 1957 Despauterium
754 1903 788 1955 ⁸,
809 1910 854 1945 et
871 1902 1074 1947 eiusdem
1097 1903 1335 1955 uoluntate
1351 1918 1498 1960 pauca
1514 1903 1736 1959 quaedam
1753 1908 1799 1945 et

165 1977 420 2022 necessaria
439 1985 681 2035 praecepta
702 1993 760 2023 ex
782 1979 1181 2036 grammaticorum
1204 1979 1428 2025 thesauris
1450 1981 1728 2036 depromam,
1754 1986 1799 2023 et

166 2053 405 2097 conficiam
427 2054 630 2100 oratione
650 2048 806 2100 soluta
818 2057 876 2100 de
897 2056 1160 2113 generibus,
1182 2057 1450 2113 praeteritis,
1471 2057 1518 2099 in
1540 2063 1798 2100 nostrorum

165 2129 490 2187 discipulorum
512 2131 722 2188 gratiam,
746 2140 793 2176 et
813 2134 927 2177 haec
945 2136 1010 2191 (ut
1026 2140 1072 2176 et
1087 2133 1135 2176 in
1153 2133 1278 2177 Italia
1296 2133 1539 2189 factitatur)
1558 2132 1799 2176 dictabun-

167 2213 242 2249 tur
263 2207 408 2251 obiter
429 2223 455 2251 a
477 2208 710 2265 magistro,
736 2217 782 2254 et
803 2210 879 2253 illa
895 2210 1040 2266 pueri,
1060 2209 1167 2254 laeti
1183 2210 1477 2267 excipientes,
1497 2210 1544 2253 in
1566 2224 1800 2253 commen-

167 2283 351 2327 tariolos
373 2286 586 2339 referent,
612 2293 655 2330 et
680 2286 831 2342 potius
855 2301 957 2339 usu,
991 2301 1126 2343 quam
1155 2287 1398 2332 memoriae
1425 2288 1579 2330 labore
1601 2286 1795 2338 discent,

166 2367 212 2403 et
233 2359 280 2403 in
301 2361 538 2417 procinctu
562 2364 781 2407 tenebunt
802 2363 899 2407 sine
925 2364 1014 2412 ullo
1038 2363 1233 2418 fastidio,
1259 2363 1638 2421 tergiuersatione
1660 2370 1706 2406 et
1727 2362 1798 2405 in-

166 2431 406 2487 geniorum
421 2433 830 2478 excarnificatione.
849 2436 1051 2492 Legetur
1064 2436 1290 2489 Donatus,
1306 2443 1354 2479 et
1370 2434 1620 2487 Guarinus,
1642 2433 1734 2489 qui,
1754 2439 1800 2476 et

165 2507 378 2552 adhibitis
394 2510 764 2554 annotationibus
777 2511 961 2563 nostris,
981 2512 1038 2554 ad
1055 2526 1298 2567 puerorum
1317 2511 1555 2555 utilitatem
1577 2511 1796 2563 tradetur,

166 2584 245 2639 qui
267 2592 313 2628 et
333 2587 418 2629 hac
439 2586 613 2631 ratione
634 2602 660 2630 a
681 2587 822 2631 seculi
845 2588 1216 2644 praeceptoribus
1236 2589 1426 2634 docetur
1448 2589 1480 2632 ⁸.

243 2758 253 2778 ¹
304 2756 377 2792 Ms.
397 2758 682 2794 detrimentur.

239 2816 252 2836 ²
303 2815 364 2850 De
388 2815 644 2853 celeberrimo
667 2819 739 2854 hoc
760 2819 1031 2864 grammatico,
1054 2819 1119 2855 cui
1141 2830 1284 2855 nomen
1313 2820 1485 2866 Joannes
1516 2815 1800 2864 Despauterius

162 2876 257 2916 (van
274 2874 497 2920 Pauteren),
516 2876 598 2922 agit
615 2888 732 2924 saepe
751 2878 968 2922 POLANCO,
984 2890 1021 2913 v.
1040 2889 1105 2924 gr.
1124 2883 1156 2914 t.
1180 2887 1236 2925 lv,
1256 2890 1346 2926 pag.
1366 2877 1426 2923 53,
1446 2888 1505 2923 59,
1525 2889 1562 2912 n.
1584 2887 1647 2922 99,
1669 2884 1750 2911 100.

239 2933 254 2954 ³
304 2934 364 2968 De
383 2932 430 2969 iis
448 2935 672 2971 auctoribus
691 2936 805 2972 Aelio
824 2938 977 2972 Donato
996 2942 1036 2973 et
1052 2937 1242 2974 Michaele
1262 2937 1436 2974 Guarino
1454 2936 1535 2984 (qui
1555 2936 1673 2971 etiam
1692 2934 1801 2970 Vari-

168 3003 242 3027 nus
260 2998 300 3028 et
318 2992 487 3028 Verinus
505 2994 713 3040 aliquando
740 2995 953 3041 scribitur),
973 2996 1063 3032 vide
1088 2996 1192 3032 dicta
1212 2997 1252 3033 in
1277 2999 1361 3033 loco
1386 3007 1509 3043 nuper
1532 2995 1667 3041 citato,
1696 2994 1793 3029 Litt.

171 3051 347 3096 Quadr„
369 3057 398 3087 t.
418 3061 474 3098 111,
493 3063 582 3099 pag.
606 3061 672 3098 174
