2060 3432
318 213 388 258 726
803 216 1039 251 EP1sToLAE
1070 215 1279 252 MIXTAE—
1286 216 1359 263 987

269 313 410 357 molti:
436 313 568 357 stimo
597 328 708 370 pure
730 329 851 359 esser
873 315 968 359 solo
990 314 1259 372 sospicione;
1284 331 1373 371 ma,
1398 317 1464 361 sia
1491 319 1574 361 che
1596 316 1634 360 si
1656 315 1825 373 uoglia,
1850 315 1890 360 si

270 391 397 434 Deus
417 396 486 434 est
507 404 587 447 pro
608 390 754 444 nobis,
779 406 874 435 non
900 398 1120 448 puoteran
1142 392 1282 436 nulla.

359 467 463 510 Non
504 468 751 511 m'occorre
787 469 900 511 altro
936 483 1016 525 per
1047 468 1221 512 adesso.
1262 470 1366 513 Alle
1392 476 1520 513 sante
1555 469 1745 514 orationi
1773 458 1892 513 della

270 545 323 588 R.
351 545 403 587 P.
429 544 487 588 V.
512 543 557 586 di
574 550 697 587 tutto
718 545 748 587 il
770 559 906 590 cuore
928 544 988 587 mi
1010 547 1366 591 raccommando.
1388 546 1482 592 Stia
1498 561 1582 590 con
1605 546 1662 590 lei
1677 548 1787 604 Jesu
1803 545 1890 590 Χ.ο

271 619 453 677 signore
468 626 637 663 nostro.
658 620 716 664 Di
733 621 938 664 Ricanati
954 621 1028 664 alli
1050 634 1100 677 13
1118 622 1175 667 de
1191 623 1357 680 Luglio
1381 633 1506 679 1555.
1526 623 1656 667 Della
1680 625 1733 667 R.
1757 625 1807 667 P.
1830 623 1893 667 V.

270 696 471 754 indegno
492 696 539 741 in
560 696 646 741 Χ.Ο
667 697 854 753 figliolo,

1123 775 1367 821 OLIUERIO
1400 778 1655 821 MANAREO.

1029 1003 1147 1044 987

755 1103 1062 1142 LUDOVICUS
1088 1105 1410 1142 SANTANDER

572 1188 781 1232 PATRI
820 1189 1077 1247 JOANNI
1123 1191 1213 1234 DE
1260 1189 1600 1234 POLANCO

703 1291 1068 1320 CAESARAUGUSTA
1103 1285 1145 1320 16
1176 1293 1278 1329 JUL11
1312 1292 1401 1330 1555
1437 1286 1464 1320 ¹.

275 1363 426 1400 Ardent
442 1363 751 1401 adversariorum
769 1365 887 1401 animi
903 1371 1038 1403 contra
1061 1366 1503 1404 Societatem.-Socios
1523 1377 1732 1414 eorumque
1755 1366 1905 1403 amieos

345 1422 438 1458 diris
465 1423 878 1462 devovent.—Civitas
902 1424 1023 1462 sacris
1048 1425 1569 1462 interdicitur.—Antistitis
1595 1425 1769 1461 oscensis
1793 1424 1906 1462 forti-

347 1482 454 1530 tudo,
469 1488 509 1519 et
526 1482 566 1519 in
584 1482 823 1520 Societatem
840 1495 964 1521 amor.

1053 1567 1127 1648 Igs

368 1697 479 1753 Muy
500 1696 615 1740 Rdo.
640 1711 697 1740 en
720 1695 902 1740 Christo
926 1697 1088 1742 Padre.
1121 1700 1216 1742 Pax
1239 1698 1424 1752 Christi,
1449 1705 1536 1743 etc.
1569 1700 1660 1742 Por
1689 1704 1810 1741 otras
1831 1698 1904 1742 del

282 1775 332 1817 P.
357 1774 531 1816 Roman
554 1787 602 1816 se
624 1775 765 1816 haura
781 1772 941 1817 sabido
963 1773 1008 1817 lo
1029 1788 1118 1830 que
1138 1789 1220 1832 por
1241 1779 1321 1819 aea
1336 1776 1464 1819 hasta
1485 1775 1618 1831 aquel
1638 1781 1781 1831 punto
1802 1777 1905 1818 auia

280 1850 470 1906 passado
493 1850 528 1895 ἰ
553 1853 682 1893 como
703 1850 824 1907 llego
845 1851 975 1894 hasta
995 1850 1201 1908 publicar
1221 1866 1302 1909 por
1322 1852 1673 1909 excomulgados
1695 1852 1737 1894 al
1759 1851 1907 1895 Padre

282 1932 474 1971 maestro
498 1926 717 1983 Baptista,
741 1942 772 1983 y
793 1927 832 1970 31
857 1929 911 1971 P.
936 1928 1127 1983 Roman,
1152 1943 1182 1984 y
1198 1929 1241 1972 al
1263 1930 1315 1972 P.
1341 1929 1495 1985 Rojas,
1520 1944 1550 1985 y
1571 1929 1613 1972 31
1636 1930 1689 1972 Ρ.
1715 1926 1804 1971 Μ.Ο
1826 1927 1905 1971 Pi—

283 2009 364 2046 fias
386 2004 418 2056 3;
443 2018 472 2059 y
494 2003 610 2047 dado
632 2017 721 2059 que
741 2004 799 2047 de
820 2004 863 2047 13
884 2010 1008 2048 corte
1029 2019 1079 2050 56
1097 2012 1310 2049 truxeron
1330 2006 1505 2049 buenos
1526 2005 1791 2061 despachos,
1815 2005 1906 2047 han

282 2080 596 2136 aprouechado
616 2094 744 2136 poco.
770 2082 811 2124 Y
833 2095 1019 2137 porque,
1044 2096 1106 2125 no
1130 2081 1324 2127 auiendo
1344 2096 1528 2126 manera
1548 2097 1657 2139 para
1677 2082 1820 2126 leerse
1839 2081 1909 2125 le-

284 2164 376 2200 tras
397 2157 454 2200 de
476 2163 662 2201 nuestra
683 2164 825 2213 parte,
850 2172 932 2214 por
946 2172 1006 2201 no
1027 2157 1256 2203 admitirse
1276 2173 1357 2215 por
1372 2160 1438 2202 135
1458 2158 1670 2216 yglesias,
1695 2172 1802 2214 para
1817 2171 1908 2214 que

284 2247 464 2277 cessase
485 2234 528 2277 61
549 2234 762 2277 scandalo
785 2249 874 2290 que
895 2249 953 2278 63
975 2242 1071 2279 esta
1087 2234 1252 2279 ciudad
1273 2239 1375 2280 auia
1390 2250 1475 2292 por
1490 2236 1534 2278 13
1549 2234 1682 2279 dicha
1703 2233 1910 2291 publica-

285 2310 404 2363 cion,
430 2310 595 2354 mando
616 2311 658 2355 61
678 2317 813 2355 senor
836 2311 994 2369 obispo
1020 2312 1078 2357 de
1105 2313 1289 2360 Huesca
1313 2327 1363 2357 56
1389 2313 1604 2356 affixasen
1626 2312 1818 2369 algunas
1839 2311 1907 2356 16-

285 2395 376 2430 tras
398 2387 513 2431 alos
541 2393 775 2441 cantones,
807 2403 836 2444 y
863 2403 1031 2445 apenas
1052 2392 1155 2433 auia
1182 2389 1467 2444 amanescido
1498 2389 1631 2445 aquel
1659 2389 1748 2441 dia,
1776 2401 1910 2431 como

354 2542 366 2564 ¹
416 2542 474 2577 Ex
498 2542 738 2589 autographo
763 2541 803 2578 in
828 2544 910 2579 vol.
942 2544 986 2586 F,
1013 2542 1159 2590 duplici
1185 2543 1291 2590 folio,
1318 2556 1357 2580 n.
1388 2543 1469 2591 148,
1497 2543 1602 2590 prius
1628 2542 1714 2588 640,
1741 2540 1909 2588 antiqui-

286 2606 349 2636 tus
370 2599 450 2646 153.

355 2662 369 2682 2
419 2659 586 2696 Litteras
603 2659 729 2696 Patris
747 2660 895 2697 Roman
918 2671 987 2697 nos
1005 2661 1162 2709 quidem
1184 2661 1372 2698 hactenus
1395 2672 1472 2698 non
1495 2660 1679 2704 vidimus3
1705 2658 1774 2695 sed
1796 2657 1909 2694 dubi-

284 2709 443 2755 taiidum
459 2729 538 2755 non
555 2723 616 2754 est
633 2717 710 2755 illis
723 2730 837 2755 usum
854 2719 975 2756 fuisse
989 2721 1144 2757 Patrem
1163 2721 1344 2765 Alvarez,
1359 2733 1381 2756 a
1394 2732 1470 2768 quo
1488 2720 1651 2767 plurima
1666 2717 1829 2754 mutuati
1844 2728 1908 2753 su-

286 2789 372 2814 mus
401 2778 449 2814 ad
478 2778 663 2825 epistolas
689 2778 873 2825 principis
898 2780 1071 2825 Joannae
1095 2779 1356 2816 illustrandas.
1385 2780 1493 2816 Alias
1518 2790 1610 2815 vero
1634 2777 1756 2825 ipsius
1780 2775 1909 2812 Patris

286 2836 436 2873 Roman
453 2837 618 2884 litteras,
639 2835 682 2873 13
700 2837 870 2884 Augusti
886 2837 1011 2885 datas,
1029 2838 1142 2886 infra,
1160 2851 1199 2875 3.
1222 2846 1312 2885 1017
1330 2838 1574 2883 exhibemus,
1593 2837 1633 2873 in
1650 2836 1792 2884 quibus
1805 2847 1907 2871 sum-

287 2896 420 2932 matim
433 2901 806 2943 caesaraugustanus
821 2898 1008 2934 tumultur
1021 2903 1155 2934 contra
1168 2898 1405 2935 Societatem
1419 2902 1631 2934 enarratur.
1649 2895 1750 2931 Vide
1764 2896 1905 2931 locum.

356 2956 371 2976 ³
420 2956 568 2992 Horum
597 2955 753 2992 nomina
778 2961 869 2992 sunt
899 2957 1068 3003 Joannes
1098 2958 1189 2994 Bta.
1223 2957 1272 2994 de
1301 2959 1454 3002 Barma,
1487 2957 1711 3004 Alphonsus
1741 2954 1908 3001 Roman,

286 3014 516 3051 Franciscus
533 3014 582 3051 de
600 3013 715 3062 Rojas
733 3019 773 3051 et
790 3015 990 3053 Balthasar
1007 3017 1137 3054 Pifias.
