2060 3450
758 271 800 308 18
826 271 994 308 Amans
1024 279 1115 317 1555
1631 270 1701 316 587

125 376 303 421 Lorena
323 381 370 420 et
391 374 597 419 Francia.
630 376 704 418 Ha
730 373 927 418 studiato
954 372 1000 416 in
1028 372 1326 430 grammatica
1351 371 1508 426 latina,
1532 373 1753 428 alquanto

124 452 170 495 in
192 466 330 509 greca
351 458 397 495 et
417 453 600 496 hebrea.
633 453 708 495 Ha
736 450 862 495 udito
889 449 1112 494 rhetorica
1140 456 1186 494 et
1207 448 1451 501 dialettica,
1483 463 1556 493 ma
1587 463 1700 505 poco
1722 464 1753 493 0

123 529 292 583 niente,
317 528 434 582 dice,
458 528 715 582 iuuarsene,
739 543 820 585 per
841 533 1155 571 mancamento
1176 525 1443 585 d’ingegno.

214 619 256 650 2.
319 606 354 649 Il
377 607 430 649 P.
463 607 525 649 M.
545 607 723 663 Joanne
744 605 962 663 Jordano,
993 605 1213 656 francese,
1245 602 1290 646 di
1318 602 1551 648 Mirabeau
1578 604 1607 655 ¹,
1632 603 1751 648 della

122 683 302 727 diocesa
323 682 601 739 pictauense,
626 684 756 726 entro
778 682 897 726 nella
917 680 1201 738 Compagnia
1228 691 1356 736 1553,
1381 696 1408 727 a
1429 681 1457 723 6
1478 679 1524 723 di
1546 681 1749 724 Nouem-

122 760 222 813 bro,
247 758 291 802 in
315 761 472 803 Roma:
497 760 541 802 la
562 761 636 803 eta
658 773 739 802 sua
760 760 785 803 e
812 759 931 802 circa
951 758 982 800 li
1006 770 1060 813 32
1083 757 1205 801 anni.
1240 759 1305 802 Le
1332 758 1493 802 lettere
1514 771 1596 801 sue
1618 771 1751 810 sono,

122 835 327 892 principij
351 835 396 878 di
417 835 726 892 grammatica,
751 849 879 879 come
905 834 1213 891 Dispauterio,
1239 841 1326 879 etc.
1353 835 1367 855 ²

212 926 253 967 3.
319 913 353 955 Il
371 914 421 956 P.
441 915 503 956 M.
524 913 559 955 F
563 925 777 956 rancesco
795 913 1061 964 Posthumo,
1079 912 1356 964 anchOnese‚
1374 910 1547 963 d'anni,
1566 910 1604 954 si
1620 924 1755 954 come

123 1004 278 1046 pensa,
306 1002 377 1045 33,
408 990 538 1032 entro
559 989 690 1051 nella>
708 988 1007 1045 Compagnia,
1038 998 1165 1043 1554,
1194 987 1390 1031 l’ultimo
1418 988 1465 1030 di
1486 987 1749 1040 Dicembro,

123 1066 171 1109 in
192 1067 228 1109 F
230 1078 394 1110 errara.
417 1067 483 1109 La
503 1079 586 1109 sua
605 1065 900 1122 professione,
925 1064 972 1109 in
987 1065 1092 1121 jure
1112 1064 1235 1108 ciuili
1257 1071 1303 1108 et
1324 1064 1543 1109 canonico
1566 1065 1598 1107 ⁵.

212 1156 256 1197 4.
322 1145 384 1186 M.
405 1144 441 1186 F
443 1142 605 1185 abritio
622 1141 814 1199 Uignes,
834 1142 1136 1198 neapolitano,
1156 1142 1286 1185 entro
1307 1142 1426 1186 nella
1447 1139 1749 1197 Compagnia,

132 1230 259 1274 1552,
283 1219 558 1272 d’Octobro,
578 1218 623 1261 in
642 1220 799 1271 Roma,
819 1218 976 1261 d’anni
998 1218 1118 1261 circa
1141 1231 1197 1261 20
1218 1233 1246 1262 o
1268 1230 1339 1261 21.
1361 1219 1435 1260 Ha
1451 1218 1603 1260 buona
1623 1223 1755 1273 parte

125 1296 172 1339 in
194 1294 488 1353 grammatica
508 1294 663 1347 latina,
689 1301 734 1339 et
755 1294 960 1351 principij
984 1295 1030 1337 in
1053 1295 1171 1338 nella
1198 1309 1375 1351 graeca.

214 1383 256 1428 5.
322 1374 384 1416 M.
405 1374 580 1430 Joanne
602 1371 784 1415 Valerio
805 1372 822 1392 ⁴
844 1371 890 1414 di
912 1373 1140 1417 Ememon
1158 1374 1190 1424 ⁵,
1215 1372 1260 1415 di
1282 1371 1487 1423 Francia,
1513 1371 1631 1415 della
1651 1370 1750 1413 dio-

123 1463 225 1494 cesa
244 1449 461 1501 Biauuez,
482 1448 636 1491 d’anni
653 1463 867 1505 appresso
886 1461 958 1502 21,
978 1450 1108 1492 entro
1125 1450 1243 1492 nella
1261 1447 1559 1505 Compagnia,
1586 1457 1695 1502 1555
1714 1448 1752 1499 ⁶,

122 1526 160 1577 si
180 1527 270 1570 ben
292 1525 329 1569 si
351 1525 543 1579 ricorda,
573 1525 604 1568 il
626 1541 749 1571 mese
770 1527 1036 1583 d'Augusto
1065 1541 1092 1569 o
1121 1526 1406 1582 Septembre,
1432 1525 1479 1568 in
1503 1527 1660 1568 Roma.
1686 1525 1752 1568 La

123 1617 207 1647 sua
223 1602 516 1660 professione,
529 1602 575 1646 in
593 1603 888 1660 grammatica
904 1602 1058 1647 latina.
1079 1604 1276 1659 Quando
1294 1609 1424 1646 staua
1441 1604 1454 1624 ⁷
1473 1602 1518 1644 in
1537 1602 1751 1654 Modena,

123 1679 335 1723 studiaua
355 1679 400 1722 in
422 1679 661 1724 rhetorica:
686 1682 745 1723 ha
765 1680 970 1737 principij
995 1680 1040 1723 di
1063 1694 1244 1737 graeco.

213 1757 255 1800 6.
321 1758 384 1800 M.
416 1756 609 1800 Claudio
644 1758 680 1800 F
683 1764 829 1814 orget,
869 1757 915 1799 di
947 1757 1152 1810 Francia,
1183 1757 1228 1800 di
1257 1757 1548 1801 Vaucouleur
1570 1758 1603 1809 ⁸,
1634 1756 1757 1800 della

197 1942 207 1962 ¹
259 1939 759 1984 Mirebeau—en-Poitou‚
778 1939 970 1976 dioecesis
988 1940 1241 1987 pictaviensis
1265 1940 1475 1984 (Poitiers).

195 2000 209 2020 ²
260 1998 366 2044 Quid
393 2004 526 2034 noster
556 1999 762 2045 jordanus,
794 1999 913 2035 nimio
945 2001 1098 2035 «zelo...
1124 2005 1362 2044 commotus,
1386 1999 1489 2047 quod
1518 2000 1648 2035 larvae
1672 2004 1752 2034 tam

123 2057 311 2091 multae...
332 2057 362 2091 F
365 2056 553 2093 errariae»
572 2063 720 2103 essent,
738 2057 891 2104 fecerit,
916 2065 1122 2105 praesente
1146 2058 1246 2094 duce
1264 2057 1501 2104 ferrariensi,
1521 2063 1650 2093 narrat
1667 2058 1750 2093 Po-

125 2124 280 2158 LANCO,
300 2121 329 2152 t.
349 2126 390 2162 v,
417 2128 510 2163 pag.
543 2116 624 2162 135,
647 2129 687 2152 n.
712 2116 796 2163 383,
819 2118 886 2165 qui
912 2130 993 2153 rem
1018 2118 1078 2154 his
1103 2118 1234 2153 verbis
1252 2117 1433 2153 absolvit:
1467 2118 1755 2163 «reprehensus

124 2175 295 2221 graviter
312 2176 359 2211 P.
384 2176 590 2222 Jordanus,
610 2176 786 2223 promisit
810 2176 851 2212 in
874 2183 1072 2224 posterum
1096 2178 1191 2213 nihil
1215 2177 1291 2212 nisi
1315 2189 1363 2213 ex
1382 2175 1607 2212 obedientia
1630 2187 1673 2211 se
1698 2175 1755 2210 fa-

125 2239 315 2270 cturum».

196 2294 211 2314 ³
259 2293 387 2339 Hujus
404 2293 479 2330 viri
494 2295 710 2340 historiam,
728 2295 898 2332 fucatam
917 2295 1103 2331 virtutem
1121 2301 1162 2331 et
1178 2295 1395 2331 discessum
1415 2308 1436 2331 a
1456 2295 1671 2340 Societate,
1695 2306 1757 2329 re-

126 2351 202 2388 fert
231 2352 409 2388 laudatus
439 2365 556 2401 saepe
586 2355 810 2402 POLANCO,
841 2361 875 2390 t.
912 2364 959 2399 V,
993 2366 1082 2402 pag.
1121 2354 1207 2396 128,
1242 2367 1287 2391 n.
1326 2354 1409 2399 3623
1446 2354 1515 2390 sed
1545 2353 1756 2401 praecipue

127 2423 216 2459 pag.
239 2410 319 2456 135,
341 2410 421 2454 136,
440 2425 478 2448 n.
498 2412 581 2459 384,
598 2413 684 2460 385.
710 2414 810 2450 Vide
827 2414 940 2459 infra,
960 2415 1080 2461 epist.
1103 2423 1190 2460 959.

199 2472 215 2492 ⁴
264 2471 339 2506 Hic
362 2470 428 2507 ille
451 2472 606 2509 videtur
630 2485 718 2509 esse
742 2475 935 2521 «Joannes
960 2474 1153 2519 Valerius,
1174 2474 1332 2520 juvenis
1359 2474 1532 2509 eruditus
1558 2478 1597 2508 et
1614 2473 1757 2518 bonus,

126 2529 193 2577 qui
210 2529 383 2565 Mutinae
399 2530 553 2566 cuidam
576 2533 732 2568 scholae
746 2533 1028 2580 praefuerat...‚
1049 2538 1088 2568 et
1106 2534 1184 2578 29.⁸
1203 2533 1372 2579 Augusti
1396 2533 1519 2579 [1555]
1537 2537 1668 2576 noctu,
1697 2543 1754 2566 sa—

125 2587 334 2624 cramentis
352 2589 585 2636 acceptis...,
603 2602 692 2627 cum
709 2591 977 2628 aedificatione
994 2592 1166 2627 omnium
1189 2592 1523 2628 circumstantium
1550 2591 1598 2626 ad
1622 2590 1757 2626 Domi-

126 2659 219 2683 num
236 2647 454 2693 migravit».
475 2649 692 2696 POLANCO,
712 2656 744 2686 t.
768 2660 810 2697 v,
828 2663 917 2698 pag.
938 2650 997 2696 53,
1015 2663 1054 2687 n.
1077 2651 1156 2686 106.

197 2708 212 2729 ⁵
260 2708 724 2752 Ernemont—Boutavent,
743 2710 935 2746 dioecesis
953 2710 1238 2746 bellovacensis
1251 2710 1488 2754 (Beauvais).

200 2767 215 2787 ⁶
265 2766 343 2810 Sic3
363 2766 648 2803 atmanifestus
667 2774 727 2805 est
745 2781 864 2805 error.
889 2769 989 2806 Cum
1013 2770 1117 2805 enim
1141 2770 1305 2817 epistola
1329 2770 1520 2806 scribatur
1541 2768 1583 2803 18
1610 2767 1759 2815 Aprilis

135 2832 240 2870 1555,
258 2826 324 2872 qui
341 2825 426 2861 fieri
443 2831 571 2873 potest
588 2832 631 2862 ut
648 2828 826 2864 Valerius
844 2828 994 2864 dicatur
1012 2829 1247 2865 Societatem
1266 2829 1399 2865 iniisse
1419 2839 1552 2863 mense
1576 2827 1762 2873 Augusto

132 2885 195 2919 vel
215 2884 436 2931 Septembri
457 2885 632 2931 ejusdem
650 2886 758 2922 anni?
774 2887 877 2923 Sane
895 2888 1041 2924 Valerii
1067 2888 1243 2924 meminit
1261 2888 1353 2924 facit
1367 2888 1447 2934 jam
1461 2888 1510 2922 ab
1528 2898 1628 2922 anno
1650 2885 1761 2932 1553,

127 2942 350 2990 POLANCO,
364 2948 556 2991 t.111,pag.
576 2953 657 2991 157,
676 2946 897 2992 159‚n.312‚
913 2946 996 2993 3193
1013 2952 1053 2983 et
1065 2947 1223 2994 quidem
1238 2959 1326 2984 eum
1336 2946 1561 2993 magistrum
1570 2946 1758 2993 appellat.

200 3005 214 3025 ‘¹
264 3003 341 3038 Ms.
363 3006 494 3039 steua.

202 3063 218 3082 ⁸
268 3062 549 3109 Vaucou1eurs,
567 3064 762 3101 dioecesis
782 3066 962 3102 tullensis
979 3066 1126 3112 (Toul).
