2060 3432
766 292 812 320 22
838 283 1029 320 Aususn
1056 290 1147 328 1555
1653 284 1724 330 8Ῑ7

232 383 276 427 A
305 384 362 427 M.
394 382 614 427 Giacomo
641 385 704 428 ho
732 383 971 429 conferitte
996 384 1041 428 le
1067 384 1214 441 gratie
1236 384 1354 429 della
1374 385 1674 443 Compagnia,
1699 400 1775 431 se-

138 460 289 504 condo
311 459 505 504 l’ordine
525 462 642 505 della
665 463 717 505 P.
738 463 816 515 V.,
836 467 882 507 et
897 461 935 505 si
957 467 1119 518 puorta
1139 461 1187 504 in
1210 468 1329 505 tutto
1350 476 1438 505 con
1459 463 1620 519 grand’
1644 462 1774 508 edifi—

138 536 336 590 catione,
361 544 406 581 et
428 537 556 593 piace
577 538 654 595 gia
669 538 716 581 in
732 537 1006 602 confessioni
1027 537 1161 582 assai.

233 613 394 659 Scriuo
411 615 454 657 al
471 616 600 658 Rmo.
621 615 862 668 cardinale,
877 621 1125 671 protettore
1141 621 1298 659 nostro
1319 616 1350 670 ¹,
1364 616 1624 659 mandando
1639 615 1776 661 insie—

141 705 216 734 ma
239 690 328 734 mia
347 691 718 744 sottoscrittione,
743 705 873 735 come
893 692 936 735 al
957 690 1110 745 solito,
1136 691 1183 734 in
1205 693 1364 735 charta
1385 691 1562 735 bianca.

235 768 300 812 Le
323 767 638 823 quadrimestri
661 783 752 812 non
773 770 831 812 ho
853 774 1047 825 puotuto
1068 767 1269 813 scriuere
1285 770 1499 822 anchora,
1519 768 1566 811 ni
1583 770 1776 813 mancho

146 845 212 888 M.
238 845 438 900 Raphael
458 844 500 888 le
521 844 675 889 latine.
695 846 800 889 Non
816 859 958 902 penso
978 846 1079 901 pur'
1099 847 1238 890 esser’
1258 846 1374 889 altro
1389 845 1435 888 di
1456 845 1679 889 sostantia
1701 847 1774 889 ch'

143 921 190 965 el
211 927 458 965 contenuto
486 921 532 965 in
561 922 710 978 quella
740 921 786 965 di
817 921 1085 980 monsignor
1114 922 1156 966 el
1184 923 1315 966 Rmo.
1351 922 1594 977 cardinale;
1626 937 1713 966 con
1734 923 1778 968 le

147 997 306 1055 prime,
322 996 359 1041 si
377 999 472 1043 fare
486 998 525 1042 si
541 1001 722 1055 puotra,
734 999 777 1043 le
794 987 1107 1043 mandaremo.
1117 998 1176 1043 Di
1191 999 1341 1055 quelle
1356 1000 1431 1044 del
1447 999 1778 1055 quadrimestro

148 1081 329 1132 passato
358 1090 449 1118 non
478 1077 671 1119 hauemo
699 1075 865 1120 sentito
892 1074 981 1118 mai
1009 1075 1047 1119 si
1075 1075 1171 1119 sian
1201 1082 1320 1120 stato
1348 1091 1479 1132 perse
1510 1091 1538 1120 o
1569 1091 1676 1120 non.
1713 1077 1779 1121 Le

149 1151 451 1197 mandassimo
474 1154 570 1208 pur’
595 1153 714 1196 forse
735 1166 822 1195 con
845 1164 902 1195 20
923 1152 1050 1205 altre,
1076 1151 1176 1196 cioe
1193 1151 1239 1195 di
1263 1153 1368 1196 tutti
1386 1152 1531 1196 nostri
1553 1152 1716 1198 fratelli
1732 1153 1779 1196 di

148 1235 313 1285 questo
341 1229 550 1286 collegio.

240 1307 306 1350 La
328 1305 606 1362 poenitentia
627 1306 717 1350 mia
739 1307 782 1350 la
809 1306 951 1350 saccio
974 1307 1007 1359 ²,
1033 1321 1107 1350 ma
1132 1306 1222 1350 Dio
1249 1322 1300 1351 sa
1327 1321 1412 1351 con
1444 1313 1614 1363 quanta
1635 1306 1783 1364 negli-

148 1382 324 1439 gentia,
349 1383 391 1426 la
411 1384 544 1438 quale
566 1385 665 1440 pur'
691 1382 817 1427 uorei
839 1397 931 1426 non
953 1382 990 1426 si
1007 1382 1256 1427 ritrouassi.

242 1460 374 1503 Altro
395 1461 505 1504 hora
521 1474 614 1503 non
630 1462 690 1503 m’
709 1474 909 1513 occorre,
931 1460 1079 1504 Padre
1096 1460 1141 1503 in
1159 1460 1245 1504 X.⁰
1263 1461 1403 1504 molto
1425 1462 1560 1514 Rdo.‚
1579 1460 1679 1504 sino
1700 1474 1784 1504 sua

152 1538 208 1580 R.
236 1538 290 1580 P.
314 1535 352 1579 si
372 1536 527 1593 degni,
548 1551 676 1581 come
698 1537 740 1580 al
760 1536 909 1591 solito,
930 1551 1010 1592 per
1026 1551 1110 1581 sue
1125 1536 1381 1581 santissime
1398 1536 1589 1581 orationi
1606 1551 1782 1593 preser-

156 1612 300 1656 uarmi
320 1614 378 1656 da
399 1612 608 1670 maggior
630 1612 911 1670 negligentia
928 1613 1002 1656 nel
1024 1613 1225 1670 seruigio
1241 1614 1314 1658 del
1332 1614 1528 1670 Signore
1544 1621 1590 1658 et
1605 1612 1651 1655 di
1669 1627 1782 1669 que—

136 1696 225 1733 ·sto
247 1689 454 1746 collegio.
482 1690 560 1735 Sia
581 1704 668 1733 con
689 1689 747 1734 lei
762 1691 874 1748 Jesi'i
901 1689 987 1733 X.⁰
1015 1697 1172 1740 nostro
1203 1690 1376 1748 signor,
1402 1690 1476 1734 chi
1506 1691 1549 1733 la
1571 1689 1782 1734 conserui

151 1781 265 1810 sana
286 1781 365 1823 per
386 1767 596 1823 maggior
617 1767 762 1824 gloria
783 1781 866 1810 sua
888 1773 934 1811 et
962 1766 1120 1824 agiuto
1147 1774 1318 1811 nostro.
1345 1769 1510 1812 Amen.
1536 1767 1594 1810 Di
1618 1766 1785 1810 Richa-

155 1850 263 1887 nato
285 1843 359 1887 alli
382 1856 437 1887 22
460 1844 504 1887 d'
530 1845 712 1901 Agosto
735 1854 861 1899 1555.

245 1921 296 1964 L'
321 1920 436 1964 auisi
457 1920 502 1964 di
524 1922 673 1976 quella
694 1935 886 1978 persona
901 1935 981 1978 per
1001 1921 1044 1966 le
1066 1920 1209 1977 prime
1230 1934 1317 1964 con
1335 1921 1483 1979 gratia
1499 1921 1573 1964 del
1590 1920 1787 1977 Signore

157 1997 461 2042 mandaremo.
486 1998 618 2042 Della
639 2000 692 2042 R.
716 1999 769 2042 P.
795 1999 852 2042 V.
878 1997 1079 2054 indegno
1101 1997 1146 2040 in
1169 1998 1255 2041 X.0
1277 1998 1466 2055 figliolo,

1017 2075 1263 2119 OLIUERIO
1286 2077 1545 2120 MANAREO.

248 2151 506 2207 Inscriptio:
528 2150 557 2209 †
580 2153 641 2196 Al
662 2153 801 2195 molto
818 2152 932 2195 Rdo.
953 2150 1000 2194 in
1016 2152 1103 2194 Χ.Ο
1122 2151 1285 2205 Padre,
1305 2152 1336 2195 il
1354 2155 1407 2196 P.
1429 2154 1476 2196 M
1483 2154 1519 2196 .⁰
1536 2150 1714 2208 Ignatio
1730 2151 1787 2194 de

160 2226 346 2282 Loyola,
370 2228 597 2284 preposito
625 2229 838 2285 generale
865 2227 983 2271 della
1011 2227 1298 2285 Compagnia
1319 2229 1376 2273 de
1398 2231 1526 2287 Jessi,
1550 2228 1596 2271 in
1626 2229 1785 2271 Roma.

235 2335 245 2355 ¹
295 2332 523 2380 Rodulphus
541 2334 611 2370 Pio
627 2334 677 2370 de
694 2334 830 2382 Carpi.

232 2394 247 2414 ²
297 2391 397 2428 Vide
414 2392 517 2429 dicta
533 2393 573 2429 in
591 2394 705 2441 epist.
725 2404 809 2441 990,
827 2404 923 2441 pag.
945 2391 1030 2438 736,
1050 2397 1187 2428 annot.
1213 2402 1246 2430 1.

346 3134 539 3162 Emsroua
552 3133 698 3169 Mum,
714 3142 790 3164 ron.
803 3142 854 3164 ιν.
1600 3138 1638 3167 52
