2060 3450
286 200 357 246 534
780 201 1019 238 EPISTOLAE
1044 197 1334 246 Murram-930

995 453 1120 494 931)

819 529 1082 568 SANCTIUS
1108 529 1296 568 OCHOA

610 610 798 653 PATRI
830 609 1093 654 IGNATIO
1126 609 1209 652 DE
1241 607 1501 651 LOYOLA

658 705 804 734 MONTE
829 705 983 733 REGAm
1009 696 1054 731 28
1079 704 1278 743 JANUARH
1306 701 1395 740 1555
1424 696 1451 729 ¹.

240 774 371 810 Aedes
390 785 522 810 sacrae
540 775 740 810 absolutae
760 778 800 810 et
817 772 1255 809 concinnatae.-Brevi
1272 771 1313 807 in
1330 771 1470 807 iisdem
1486 770 1619 806 divina
1643 769 1768 806 hostia
1785 769 1876 806 lita—

310 834 429 870 bitur.
441 833 615 869 —Novus
629 835 868 880 gubernator
885 833 925 869 in
942 832 1136 869 demortui
1154 833 1282 868 locum
1299 831 1637 867 suffectus.-Pro
1654 829 1801 878 pietate
1818 829 1883 866 fo-

310 892 451 938 venda,
487 892 755 939 indulgentiae
785 904 918 928 sacrae
948 892 1282 940 petuntur.—De
1308 889 1666 927 scholis.—Divini
1695 888 1808 925 verbi
1833 894 1882 925 et.

313 951 580 988 Eucharistiae
611 952 795 999 frequens
825 952 1058 988 usus.-De
1088 950 1291 998 episcope,
1322 949 1466 986 vicario
1495 948 1639 985 Montis
1669 949 1883 995 regalis.—-

312 1012 531 1047 Incolarum
549 1011 706 1058 collegii
721 1023 907 1047 numerus
926 1015 966 1047 et
989 1009 1308 1046 exercitationes.

1047 1095 1077 1153 †

908 1172 1008 1266 jh†s.
1044 1207 1203 1252 Maria.

334 1306 430 1348 Pax
452 1303 637 1357 Christi,
662 1310 750 1347 etc.
777 1304 919 1348 Molto
941 1303 1056 1347 Rdo.
1082 1303 1130 1345 in
1152 1302 1237 1347 Χ.0
1262 1302 1423 1346 Padre.
1447 1304 1535 1346 Per
1556 1302 1599 1346 le
1618 1300 1774 1345 ultime
1789 1301 1884 1345 let-

246 1382 322 1438 t[e]
330 1395 377 1425 re
394 1383 478 1425 che
495 1381 657 1426 scrisse
674 1396 699 1424 a
716 1382 772 1425 V.
795 1382 849 1424 R.
873 1382 926 1424 P.
937 1414 946 1434 ,
958 1379 1156 1425 *dettimo
1172 1379 1299 1423 auiso
1315 1378 1420 1423 delli
1437 1378 1629 1434 esercitij
1649 1377 1695 1421 di
1716 1385 1885 1434 questoa

246 1457 438 1515 collegio
459 1458 505 1501 di
533 1458 765 1502 Monreale
791 1456 852 1499 im
881 1456 1160 1514 particolare,
1187 1463 1313 1500 tanto
1340 1456 1459 1500 circa
1490 1455 1521 1498 li
1548 1455 1725 1508 scolari,
1751 1468 1886 1499 come>

246 1536 320 1579 del
340 1536 599 1580 confessare
620 1541 666 1578 et
687 1535 840 1592 legere
861 1535 905 1577 la
928 1534 1126 1578 dottrina
1149 1533 1409 1588 christiana,
1434 1540 1480 1579 et
1502 1533 1595 1577 fare
1619 1533 1731 1578 altre
1752 1546 1878 1577 esor-

248 1612 433 1666 tatione3
461 1620 506 1657 et
528 1614 726 1655 anchora
747 1612 864 1657 della
885 1611 1037 1655 chiesa
1064 1626 1201 1666 noua,
1226 1612 1269 1655 la
1297 1612 1429 1667 quale
1455 1611 1628 1654 al'hora
1655 1625 1732 1654 era
1759 1609 1879 1653 circa

247 1690 289 1733 al
310 1690 416 1743 fine,
441 1696 487 1733 et
507 1691 619 1732 hora
639 1690 664 1732 e
686 1688 828 1741 finita,
853 1690 1030 1732 benche
1052 1691 1250 1732 anchora
1271 1703 1362 1731 non
1384 1688 1421 1732 si
1443 1687 1484 1731 ci
1505 1689 1564 1731 ha
1586 1688 1711 1730 detto
1732 1701 1880 1731 messa

247 1782 328 1824 per
350 1773 664 1810 mancamento
685 1767 742 1810 de
764 1766 925 1810 alcune
947 1780 1054 1809 cose
1076 1766 1109 1809 ².
1138 1768 1313 1819 Presto,
1332 1780 1489 1822 penso,
1510 1766 1594 1809 che
1611 1778 1697 1807 con
1713 1764 1756 1807 la
1772 1776 1879 1820 gra-

249 1843 311 1887 tia
331 1843 406 1886 del
427 1842 622 1899 Signore
643 1841 1005 1895 cominziaremo,
1031 1849 1076 1885 et
1097 1842 1306 1885 habiamo
1324 1856 1540 1898 speranza
1557 1842 1572 1863 ³
1591 1841 1666 1885 nel
1682 1840 1883 1897 Signore

248 1921 335 1964 che
355 1920 576 1964 resultera
597 1919 644 1962 in
666 1919 842 1976 magior
864 1919 1009 1976 gloria
1030 1920 1088 1963 de
1109 1919 1197 1963 Dio
1218 1925 1264 1962 et
1291 1918 1438 1963 salute
1465 1919 1521 1961 de
1549 1918 1687 1962 molte
1713 1917 1880 1970 anime,

248 1997 477 2053 perche-la
498 1996 667 2040 chiesia
688 1997 713 2040 ὲ
735 1997 875 2040 molto
897 1988 1255 2053 proporcionata,
1284 2002 1330 2040 et
1351 1995 1398 2038 in
1428 1996 1520 2039 bon
1541 1995 1628 2038 sito
1648 1995 1811 2047 locata,
1836 2001 1886 2039 et-

249 2073 375 2117 molti
396 2073 663 2118 desiderano
679 2087 766 2117 con
783 2074 957 2130 grande
974 2072 1196 2118 desiderio
1214 2074 1299 2117 che
1315 2072 1354 2116 si
1371 2087 1492 2129 apra,
1513 2073 1679 2128 perche
1696 2071 1742 2115 in
1760 2078 1889 2115 tutto-
1937 2075 1939 2077 ’

251 2150 482 2194 Monreale
502 2164 597 2193 non
618 2149 660 2193 ci
681 2151 707 2194 ὲ
735 2165 798 2193 un
827 2151 956 2203 altra,
982 2150 1079 2193 sora
1107 2150 1223 2193 della
1250 2150 1406 2194 madre
1433 2148 1601 2202 chiesa,
1627 2149 1712 2193 che
1733 2147 1798 2192 sia
1819 2147 1885 2191 si-

250 2227 370 2271 mile.
397 2228 564 2271 Nostro
586 2226 754 2283 Signor
776 2227 976 2283 proueda
1003 2226 1048 2269 di
1076 2226 1184 2270 boni
1213 2226 1399 2283 operarij
1424 2233 1470 2270 et
1497 2225 1575 2282 piu
1603 2225 1821 2282 diligente
1837 2223 1884 2267 di

252 2318 339 2348 me.
364 2305 429 2348 Le
445 2305 604 2349 lettere
626 2319 720 2347 non
742 2303 778 2347 si
795 2306 948 2348 hanno
966 2310 1125 2360 potuto
1142 2304 1358 2348 obtenere
1374 2304 1447 2347 dal
1464 2309 1740 2360 gouernator
1756 2315 1885 2345 corne

253 2383 311 2426 V.
333 2383 387 2425 R.
409 2383 462 2425 P.
483 2381 660 2435 scrisse,
675 2396 755 2438 per
767 2382 809 2426 le
826 2381 973 2438 gratie
990 2383 1074 2424 che
1090 2381 1134 2424 io
1150 2380 1390 2424 domandai
1407 2395 1486 2437 per
1503 2381 1545 2424 la
1562 2387 1715 2423 nostra
1731 2379 1884 2424 chiesa
1904 2414 1909 2419 .

253 2473 390 2511 noua,
414 2473 494 2515 per
515 2473 664 2503 essere
685 2466 803 2502 stato
830 2465 1133 2515 preoccupato
1162 2459 1279 2501 della
1308 2465 1452 2502 morte
1474 2457 1625 2515 [del]la
1646 2458 1765 2500 bona
1786 2470 1883 2499 me-

256 2535 399 2579 moria
420 2536 494 2580 del
516 2535 674 2592 signor
695 2542 1002 2592 gouernatore
1025 2536 1056 2579 ⁴.

330 2649 341 2669 ¹
392 2648 451 2682 Ex
470 2647 649 2694 originali
666 2647 707 2684 in
724 2648 807 2683 vol.
831 2648 876 2693 F,
896 2647 1041 2694 duplici
1065 2647 1174 2693 folio,
1199 2660 1239 2684 n.
1265 2656 1324 2692 50,
1343 2646 1449 2694 prius
1479 2646 1718 2692 249.-—Usus
1737 2650 1797 2681 est
1814 2645 1892 2681 hae<

256 2705 372 2753 epist.
391 2706 633 2753 POLANCUS,
653 2712 686 2743 t.
709 2716 750 2752 v,
769 2718 861 2754 pag.
886 2715 971 2753 207,
989 2719 1032 2742 n.
1055 2706 1127 2742 603
1145 2712 1185 2742 et
1203 2718 1316 2754 seqq.

327 2767 341 2787 2
392 2764 493 2800 Vide
512 2777 642 2813 supra,
658 2765 773 2813 epist.
792 2766 875 2810 882,
895 2777 986 2813 pag.
1012 2774 1096 2811 4013
1118 2765 1187 2801 sed
1205 2766 1270 2801 illa
1288 2765 1391 2801 diem
1410 2764 1631 2812 scriptionis
1655 2763 1823 2811 praefert
1841 2772 1892 2809 24

257 2822 444 2861 Octobris
466 2832 570 2870 1554.

330 2883 344 2904 ³
395 2883 468 2918 Ms.
487 2886 669 2930 speraza.

328 2943 343 2964 ⁴
394 2941 627 2978 Vincentius
649 2943 699 2979 de
717 2942 863 2990 Nobili,
888 2943 969 2990 qui,
994 2948 1037 2979 ut
1060 2948 1214 2979 constat
1240 2954 1289 2979 ex
1308 2942 1448 2979 litteris
1477 2941 1890 2988 monteregalensium,

256 3012 413 3048 semper
431 3012 523 3048 erga
541 3001 776 3038 Societatem
794 3003 1029 3038 benevolum
1046 3002 1172 3049 gessit
1190 3002 1374 3038 animum:
1394 3013 1471 3039 non
1497 3002 1550 3038 ita
1568 3001 1772 3037 cardinalis
1798 3000 1890 3036 Far·
