2060 3450
304 241 375 279 542
795 233 1035 269 EP18TOLAE
1069 233 1275 269 MIXTAE-
1287 233 1358 280 932

1015 411 1141 451 932

708 500 1027 537 EVERARDUS
1055 500 1438 539 MERCURIANUS

623 586 810 629 PATRI
842 585 1104 629 IGNATIO
1137 586 1220 628 DE
1252 586 1511 630 LOYOLA

753 687 933 715 PERUSIA
951 688 974 724 4
991 687 1219 716 FEBRUARn
1239 687 1328 725 1555
1349 682 1376 717 ¹.

251 764 313 799 De
341 763 458 799 sociis
483 762 638 809 collegii
668 761 1024 809 perusini.-Quid
1047 762 1157 809 boni,
1185 762 1279 810 quid
1302 774 1418 799 secus
1442 763 1482 800 in
1507 774 1739 812 unoquoque
1764 763 1885 801 anim-

321 823 498 859 advertat
522 822 800 864 Mercurianus,
829 821 1345 859 describitur.—Candidati
1369 823 1578 860 Soeietatis
1603 823 1883 871 experimentis

323 884 548 930 probantur.

341 1059 438 1100 Pax
475 1054 553 1100 X.i
588 1057 729 1100 Molto
767 1056 885 1099 Rdo.
927 1055 973 1098 in
1010 1054 1095 1099 Χ.0
1134 1057 1298 1101 Padre.
1339 1057 1590 1101 Rendendo
1627 1063 1762 1101 conto
1799 1058 1886 1101 alla

253 1137 307 1179 P.
348 1135 406 1178 V,
433 1127 544 1178 delli
572 1132 794 1190 suppositi
829 1132 876 1176 di
902 1140 1064 1188 questo
1100 1133 1317 1191 collegio,
1358 1133 1635 1178 cominciaro
1664 1135 1738 1178 dal
1766 1135 1883 1179 Rdo.

252 1214 305 1256 Ρ.
332 1214 395 1256 Μ.
423 1212 608 1255 Andrea
629 1210 917 1265 Galuanello‚
937 1210 968 1253 il
990 1211 1095 1266 qual
1111 1225 1192 1267 per
1208 1210 1365 1255 ordine
1382 1212 1499 1255 della
1516 1211 1765 1256 obedienza
1781 1211 1887 1256 veni

246 1303 340 1344 qua
361 1287 481 1332 circa
503 1289 558 1331 de
583 1294 650 1331 tre
671 1287 783 1331 mesi
806 1288 865 1340 fa,
891 1302 918 1331 o
940 1286 1018 1344 piu
1039 1288 1072 1341 ¹,
1097 1294 1143 1332 et
1164 1294 1326 1343 questo
1356 1294 1508 1345 tempo
1529 1290 1588 1332 ha
1618 1303 1751 1345 speso
1779 1288 1887 1333 util-

249 1372 417 1418 mente,
438 1380 519 1422 per
532 1379 655 1409 esser
673 1379 866 1421 persona
885 1371 1128 1420 atempata,
1148 1364 1193 1408 di
1210 1366 1386 1422 grande
1400 1365 1665 1423 semplicita,
1685 1372 1732 1409 et
1748 1366 1888 1410 molto

247 1442 508 1486 desideroso
529 1442 575 1485 di
599 1442 692 1485 fare
715 1442 871 1495 frutto;
896 1448 942 1486 et
963 1442 1027 1484 fin
1050 1441 1211 1485 adesso
1233 1444 1292 1486 ha
1314 1443 1427 1487 fatte
1450 1453 1474 1498 5
1498 1458 1525 1487 o
1547 1443 1574 1486 6
1596 1442 1885 1487 essortationi

250 1520 293 1563 la
315 1518 556 1563 settimana
576 1518 623 1561 in
646 1518 814 1563 diuersi
836 1518 1012 1575 luoghi3
1038 1522 1086 1563 et
1107 1526 1406 1576 quantunque
1422 1519 1523 1577 paia
1539 1521 1596 1563 ad
1612 1519 1763 1564 alcuni
1784 1519 1885 1563 dica

247 1595 294 1639 in
316 1595 417 1639 suoi
438 1595 626 1640 discorsi
648 1610 753 1640 cose
775 1610 865 1638 non
889 1596 983 1639 cosi
1005 1611 1031 1639 a
1053 1596 1299 1652 proposito,
1318 1596 1622 1640 nondimanco
1644 1612 1724 1653 per
1743 1603 1882 1640 conto

240 1674 365 1718 delle
386 1679 514 1730 parte
535 1673 657 1716 dette
685 1671 896 1726 insieme,
927 1687 1015 1716 con
1042 1687 1193 1716 essere
1224 1674 1365 1717 molto
1397 1673 1630 1717 inuectiuo
1662 1681 1820 1718 contra
1851 1674 1882 1717 li

247 1749 352 1793 mali
374 1749 685 1806 costumi„pi1“1
706 1756 845 1806 gente
868 1764 927 1793 ua
947 1750 1034 1792 alla
1056 1749 1259 1794 oratione
1275 1750 1392 1794 della
1408 1765 1507 1794 sera
1523 1751 1566 1794 al
1581 1751 1721 1807 luogo
1734 1752 1880 1808 depu-

250 1826 367 1880 tato,
399 1829 483 1870 che
512 1827 669 1883 prima.
695 1827 897 1871 Attende
925 1841 951 1870 a
977 1826 1146 1870 sentire
1172 1827 1448 1872 confessioni
1475 1834 1521 1871 et
1543 1827 1644 1870 altri
1666 1827 1801 1871 officii
1832 1828 1879 1871 in

248 1904 358 1948 utile
380 1905 496 1947 delle
519 1903 681 1947 anime.
707 1904 757 1946 In
779 1917 899 1958 casa,
923 1918 1004 1960 per
1026 1918 1150 1948 esser
1166 1904 1306 1948 molto
1324 1904 1496 1949 humile
1511 1911 1557 1948 et
1573 1905 1667 1948 cosi
1684 1905 1881 1962 diligen-

250 1988 311 2035 te,
336 1982 394 2024 da
413 1982 567 2024 buona
588 1980 888 2025 edificatione.

338 2059 372 2101 Il
395 2060 447 2102 P.
474 2060 535 2101 Μ.
562 2057 759 2110 Giouan‚
785 2058 1006 2111 catalano,
1031 2058 1077 2101 di
1098 2073 1210 2102 suoa
1225 2073 1417 2115 persona
1434 2059 1459 2103 ἑ
1481 2066 1599 2103 stato
1616 2074 1743 2112 sano,
1762 2066 1808 2103 et
1822 2061 1882 2103 ha

249 2142 394 2178 atteso
418 2135 504 2178 alla
525 2134 898 2190 interpretatione
919 2135 1036 2178 della
1057 2134 1255 2178 dottrina
1276 2135 1475 2192 xpiana.,'
1500 2143 1546 2180 et
1567 2138 1712 2180 anche
1734 2137 1791 2180 ad
1813 2137 1879 2180 al-

247 2219 316 2257 tre
338 2210 624 2257 essortationi
646 2210 692 2254 in
716 2211 865 2254 alcuni
887 2211 1013 2269 luogi
1034 2212 1081 2255 in
1103 2219 1263 2268 questa
1285 2219 1420 2266 terra,
1445 2214 1623 2277 benchel
1641 2213 1688 2256 in
1717 2213 1879 2270 questo

247 2289 395 2333 officio
415 2290 479 2332 fin
501 2289 660 2332 adesso
677 2289 725 2331 se
742 2288 1009 2332 dimostrato
1026 2289 1072 2332 in
1090 2304 1192 2334 esso
1209 2304 1323 2346 poco
1340 2290 1525 2334 talento:
1547 2297 1593 2335 et
1609 2305 1689 2347 per
1706 2298 1878 2347 quanto

244 2366 486 2409 habbiamo
508 2372 694 2422 possuto
716 2366 897 2418 uedere,
919 2366 962 2409 sa
985 2366 1126 2410 frutto
1141 2366 1189 2410 in
1206 2367 1374 2412 sentire
1396 2367 1683 2411 confessioni.
1709 2369 1784 2412 Ha
1805 2369 1875 2412 di--·

247 2450 465 2486 mostrata
497 2444 649 2486 buona
684 2450 926 2499 prontezza
955 2442 1001 2486 in
1030 2443 1245 2501 aggiutar
1272 2443 1303 2487 il
1331 2444 1571 2500 prossimo:
1602 2444 1649 2487 in
1677 2459 1782 2489 casa
1809 2447 1876 2488 al-

244 2520 427 2575 quando
454 2521 503 2563 se
530 2519 702 2562 ritirato
733 2520 872 2562 molto
901 2520 987 2563 alla
1015 2520 1273 2574 solitudine,
1312 2522 1538 2577 alquando
1575 2522 1624 2565 se
1662 2521 1876 2567 familiar—

244 2603 399 2641 mente
421 2602 631 2653 scargato
648 2610 734 2639 con
755 2595 786 2638 li
804 2596 982 2650 fratelli,
1003 2597 1229 2653 alquando
1251 2599 1299 2641 se
1317 2597 1580 2642 dimostrato
1596 2613 1720 2642 esser
1736 2600 1877 2643 molto

247 2680 466 2717 contento
488 2673 582 2728 qui,
607 2673 832 2728 alquando
856 2687 987 2729 poco.
1015 2675 1081 2718 La
1103 2689 1240 2718 causa
1268 2675 1386 2720 della
1413 2681 1733 2720 scontentezza
1765 2690 1878 2719 suoa

246 2751 370 2793 m'ha
392 2749 505 2792 ditto
525 2749 673 2805 questi
695 2748 845 2806 giorni
868 2765 1020 2795 essere
1042 2765 1132 2795 una
1153 2751 1511 2808 apprehensione
1532 2754 1669 2796 ch’ha
1690 2753 1763 2797 del
1786 2753 1877 2796 fra-

321 2864 329 2884 ¹
381 2862 438 2896 Ex
457 2861 696 2908 autographo
714 2861 754 2896 in
772 2861 855 2897 vol.
880 2861 1197 2909 Informationes
1214 2864 1419 2910 antiquae,
1439 2863 1584 2911 duplici
1602 2863 1707 2907 folio,
1727 2876 1793 2900 nn.
1813 2864 1871 2909 76,

244 2920 305 2967 83,
324 2921 429 2968 prius
448 2930 529 2956 220.

314 2982 329 3003 2
380 2980 479 3016 Vide
499 2979 613 3029 epist.
630 2980 714 3027 897,
728 2992 817 3027 pag.
836 2989 923 3026 445.
947 2982 1075 3028 Hujus
1088 2988 1219 3018 autem
1233 2982 1307 3019 viri
1324 2984 1455 3030 plures
1473 2983 1665 3020 edidimus
1683 2984 1722 3020 in
1740 2996 1871 3032 super.

243 3040 324 3075 vol.
349 3040 396 3074 ad
416 3039 543 3077 Stum.
561 3040 754 3086 Ignatium
772 3040 971 3087 epistolas,
990 3041 1192 3077 Morbenio
1211 3041 1363 3079 missas.
