2034 3476
786 264 832 300 26
857 264 959 306 MAJJ
986 270 1078 308 1554
1638 274 1710 312 209

116 367 255 412 molte
276 368 348 409 ch'
366 367 427 408 ha
442 367 583 409 hauto
604 365 680 409 alli
701 364 814 411 mesi
834 363 1019 421 passati,
1040 379 1133 408 non
1150 366 1209 408 ha
1225 371 1386 422 potuto
1407 372 1600 409 mostrar
1618 368 1758 411 molto

118 445 277 497 frutto;
301 458 415 500 pure
434 444 494 486 ha
517 443 629 486 fatto
653 443 795 486 frutto
816 442 1214 487 mediocremente.
1240 441 1369 509 Si0va
1396 457 1423 486 a
1450 457 1568 499 poco
1595 459 1621 487 a
1642 458 1758 500 poco

119 520 350 565 fundando
371 519 478 564 nelli
498 518 705 576 principij
735 519 782 562 di
809 518 1058 576 gramatica
1085 518 1240 563 latina:
1267 533 1360 562 non
1380 519 1596 563 dimostra
1617 521 1758 564 molto

116 597 320 655 ingegno
341 597 399 640 ne
422 596 654 649 memoria;
680 610 754 639 ma
772 596 816 639 la
836 595 1080 652 diligenza‚
1106 601 1152 640 et
1173 595 1502 649 sollicitudine,
1529 603 1575 641 et
1602 611 1757 641 amore

117 675 204 719 alle
224 673 372 718 littere
399 673 759 730 ricompensano.
790 674 926 729 Dopo
953 673 1039 715 che
1067 673 1093 716 e
1124 680 1296 716 venuto
1324 673 1371 716 in
1400 673 1595 718 Venetia
1622 674 1683 716 fin
1714 674 1758 717 al

116 766 272 800 mezzo
293 749 339 794 di
362 749 631 805 quaresima,
657 751 683 793 6
704 757 822 793 stata
843 749 959 793 assai
978 749 1098 793 forte
1113 756 1160 794 et
1175 750 1267 794 ben
1283 750 1485 807 disposto
1505 751 1578 793 del
1594 765 1752 807 corpo;

116 843 190 871 ma
210 826 346 884 dopoi
367 829 454 871 che
474 828 500 871 6
523 834 641 870 stato
661 826 708 869 in
730 827 841 870 letto
861 840 942 883 per
965 826 1090 871 febre
1111 833 1158 870 et
1174 826 1275 870 altri
1292 827 1437 870 dolori
1459 826 1505 870 di
1522 841 1677 883 corpo,
1698 828 1758 870 ha

116 905 380 948 dimostrato
403 910 448 949 et
470 903 686 947 dimostra
702 902 816 946 detti
832 902 976 946 dolori
992 903 1134 948 sentir
1150 903 1280 959 quasi
1302 903 1689 957 continuamente,
1710 911 1758 949 et

116 983 279 1026 alcuna
305 982 429 1024 volta
464 988 534 1024 sta
562 987 742 1036 quattro
771 980 919 1037 giorni
947 995 1083 1025 senza
1109 981 1334 1025 beneficio
1363 981 1436 1025 del
1465 996 1619 1037 corpo,
1653 988 1700 1025 et
1730 982 1757 1025 e

121 1060 246 1102 buon
267 1065 502 1115 suggetto,
526 1055 768 1102 obediente
789 1063 836 1100 et
856 1057 1041 1101 deuoto:
1067 1059 1093 1101 e
1114 1057 1160 1100 di
1181 1060 1256 1101 eta
1276 1057 1323 1100 di
1346 1070 1400 1101 22
1424 1058 1531 1101 anni
1553 1058 1599 1101 in
1616 1058 1754 1102 circa:

120 1137 165 1180 la
186 1135 301 1179 vista
322 1150 414 1178 non
433 1136 479 1177 lo
500 1148 634 1178 serue
655 1135 808 1177 molto.

212 1223 254 1268 5.
318 1213 354 1255 Il
374 1210 532 1268 quinto
553 1212 579 1254 e
594 1211 784 1269 Jacobo,
808 1210 1065 1264 florentino,
1091 1211 1123 1254 il
1144 1212 1278 1268 quale
1299 1212 1325 1255 6
1346 1211 1394 1255 di
1415 1214 1488 1256 eta
1509 1212 1555 1255 di
1578 1213 1628 1256 18
1648 1227 1676 1255 o
1701 1225 1759 1256 20

123 1289 245 1333 anni.
270 1291 404 1345 Dopo
425 1289 512 1332 che
532 1288 559 1331 6
580 1294 752 1331 venuto
773 1288 832 1330 da
858 1287 1093 1340 Fiorenza,
1120 1289 1145 1331 e
1167 1295 1287 1332 stato
1308 1304 1486 1345 sempre
1507 1289 1758 1346 indisposto

121 1366 168 1410 di
190 1367 330 1418 febre,
355 1372 402 1409 et
422 1379 515 1408 non
535 1363 574 1407 51
594 1365 621 1408 e
642 1371 803 1420 potuto
825 1363 913 1407 mai
935 1365 1126 1420 adoprar
1147 1380 1173 1408 a
1201 1366 1371 1410 niente:
1397 1367 1457 1409 ha
1485 1367 1626 1409 buon’
1656 1366 1756 1410 ani·

121 1458 212 1487 mo:
236 1458 329 1486 non
350 1457 400 1486 sa
420 1441 575 1487 niente
596 1441 642 1484 di
663 1441 821 1496 latino,
841 1448 887 1484 et
908 1456 1000 1484 non
1021 1441 1060 1485 si
1082 1442 1194 1486 faria
1210 1450 1316 1499 apto
1332 1458 1359 1486 a
1375 1443 1551 1496 lettere,
1573 1458 1646 1487 ma
1662 1444 1761 1487 solo

122 1520 198 1564 alli
218 1518 435 1576 essercitij
459 1518 697 1575 corporali,
722 1534 772 1563 se
792 1525 973 1575 potesse
995 1518 1222 1564 ristorarsi
1250 1521 1368 1564 della
1388 1535 1471 1564 sua
1499 1520 1694 1564 malatia.

212 1596 340 1641 Tutti
376 1595 525 1652 questi
562 1596 902 1653 generalmente
929 1594 968 1638 si
994 1603 1186 1652 portano
1213 1598 1332 1642 bene
1357 1605 1404 1641 et
1431 1597 1760 1642 conueniente-

122 1681 274 1719 mente
306 1673 426 1717 circa
451 1673 620 1729 l'officij
654 1680 700 1718 et
728 1672 943 1729 essercitij
974 1673 1297 1729 d’obedienza,
1338 1682 1384 1720 et
1413 1689 1565 1718 vanno
1599 1676 1758 1732 profit-

125 1752 263 1795 tando
284 1751 403 1795 nelle
425 1765 531 1794 cose
552 1751 626 1794 del
654 1749 827 1808 spirito.
844 1751 872 1807 J
877 1751 959 1794 esu
986 1752 1109 1807 Xpo.
1143 1751 1182 1795 si
1209 1752 1349 1809 degni
1377 1751 1621 1796 custodirci
1654 1752 1760 1795 tutti

123 1843 203 1886 per
225 1828 256 1871 il
277 1842 363 1871 suo
384 1827 544 1871 diuino
565 1827 768 1872 seruitio.

210 1906 259 1948 Io
279 1919 392 1948 sono
413 1904 443 1947 11
465 1911 587 1949 sesto
609 1912 655 1949 et
675 1904 850 1958 vltimo,
876 1907 961 1950 che
981 1904 1190 1950 desidero
1207 1905 1396 1950 insieme
1412 1920 1503 1949 con
1520 1905 1627 1949 tutti
1643 1905 1675 1948 li
1692 1906 1757 1948 al-

123 1982 180 2025 tri
201 1982 305 2025 miei
329 1981 466 2026 Padri
486 1988 532 2025 et
554 1981 718 2025 fratelli
741 1981 787 2025 in
810 1982 993 2027 Christo
1010 1997 1134 2026 esser
1150 1983 1546 2026 raccommandato
1563 1983 1637 2026 all'
1657 1997 1762 2026 ora-

123 2059 235 2103 tioni
256 2058 303 2101 di
325 2060 382 2103 V.
409 2060 463 2102 R.
489 2066 535 2103 et
555 2059 614 2103 de
635 2058 741 2102 tutti
762 2059 794 2102 li
815 2059 917 2103 Rdi.
945 2058 1081 2103 Padri
1103 2066 1150 2102 et
1173 2059 1334 2103 fratelli
1355 2059 1402 2103 in
1425 2059 1625 2104 Christo.

213 2137 388 2192 Questa
409 2135 650 2180 settimana
671 2150 787 2179 sono
809 2135 967 2180 venuti
990 2151 1016 2179 a
1038 2136 1236 2180 visitarci
1258 2136 1290 2179 il
1306 2137 1550 2194 magnifico
1574 2138 1636 2181 M.
1662 2138 1759 2180 Do—

123 2212 301 2258 menico
322 2213 560 2256 Loredano
581 2219 627 2257 et
655 2212 686 2255 il
715 2213 831 2256 Rdo.
858 2214 925 2256 P.·
946 2214 1007 2256 M.
1033 2212 1202 2256 Anibal
1222 2213 1456 2266 Grisonio,
1482 2213 1759 2257 offerendoci

124 2290 361 2348 proueder'
387 2289 461 2332 alli
482 2288 663 2346 bisogni
686 2296 732 2334 et
759 2289 983 2334 necessita
1012 2289 1118 2333 delli
1146 2289 1342 2343 infermi,
1382 2297 1429 2334 et
1464 2292 1617 2334 hanno
1645 2292 1758 2335 satta

123 2367 317 2424 qualche
332 2366 592 2423 prouisione
610 2367 640 2410 ¹.
661 2366 796 2423 Dipoi
813 2381 926 2410 sono
943 2366 1097 2410 andati
1113 2382 1140 2410 a
1155 2367 1418 2424 monsignor
1430 2383 1509 2424 per
1523 2375 1763 2413 constren-

124 2444 252 2502 gerlo
280 2458 306 2486 a
331 2444 524 2499 deputat
549 2458 575 2486 a
603 2444 796 2498 qualche
823 2457 930 2486 cosa
964 2450 1110 2497 certa;
1141 2450 1187 2487 et
1216 2444 1310 2487 cosi
1338 2443 1369 2486 il
1397 2443 1559 2500 giorno
1587 2445 1707 2500 dopo
1729 2445 1762 2487 il

125 2520 338 2573 desinar’,
362 2520 504 2563 sendo
525 2519 569 2562 io
591 2520 756 2564 andato
779 2535 806 2563 a
827 2520 983 2563 visitar
1001 2521 1127 2564 detto
1143 2519 1451 2577 monsignore,
1472 2520 1533 2563 mi
1555 2523 1614 2563 ha
1634 2522 1760 2566 detto

126 2598 212 2642 che
225 2596 258 2639 li
272 2595 473 2641 suddetti
494 2595 559 2653 gli
580 2597 734 2640 hanno
755 2597 928 2654 parlato
949 2596 995 2640 di
1016 2595 1102 2649 cio,
1128 2603 1175 2640 et
1196 2598 1283 2641 che
1304 2611 1388 2641 sua
1409 2597 1520 2642 S.ria
1545 2597 1661 2640 saria
1682 2597 1759 2653 piu

124 2675 210 2716 che
224 2679 438 2717 contenta
455 2673 582 2728 farlo;
603 2689 676 2718 ma
692 2675 778 2718 che
793 2673 990 2730 bisogna
1006 2689 1068 2717 vn
1086 2674 1239 2717 fattor'
1259 2674 1415 2727 fidato,
1436 2681 1481 2718 et
1500 2681 1696 2726 accorto,
1714 2681 1759 2718 et

125 2749 393 2802 sufficiente,
418 2756 464 2794 et
484 2751 570 2793 0116
589 2750 634 2793 10
654 2750 840 2807 pagaria
861 2750 1121 2804 voluntieri3
1147 2757 1193 2794 et
1216 2751 1310 2793 cosi
1333 2751 1594 2795 restassimo
1616 2751 1659 2792 d'
1680 2763 1759 2793 30-

198 2938 211 2960 ¹
261 2938 328 2974 «In
346 2937 406 2973 his
422 2943 553 2973 autem
570 2937 796 2975 domesticis
813 2939 1010 2976 laboribus
1024 2939 1216 2975 Dominus
1230 2939 1458 2975 Dominicus
1474 2939 1697 2974 Loredanus
1712 2950 1756 2975 ac

125 2997 316 3034 Dominus
336 2997 505 3032 Annibal
522 2996 771 3034 Grisonius...
791 2998 934 3034 nostris
951 2999 1090 3035 solatio
1104 3004 1143 3035 et
1161 2998 1304 3035 auxilio
1317 2998 1490 3034 fuerunt.
1506 3012 1522 3030 »
1539 2999 1757 3045 POLANCO‚

125 3063 154 3094 t.
173 3068 228 3103 1v,
248 3067 338 3104 pag.
356 3055 437 3100 126,
455 3068 498 3091 n.
519 3064 601 3101 250.

266 3122 459 3151 Ensrouss
478 3120 626 3155 Murus,
645 3128 720 3150 rou.
739 3129 790 3150 iv.
1549 3123 1582 3151 14
