2040 3458
300 221 371 268 480
790 224 1031 260 EP1STOLAE
1062 223 1349 271 M1xTAE—‘912

1008 500 1131 541 ’91⁴2

871 571 1206 639 BERNARDUS.
1222 629 1230 639 .
1247 629 1257 638 .

670 698 718 722 ex
736 686 1009 722 commissione
1026 686 1070 721 P.
1091 686 1253 723 Antonii
1273 687 1471 724 Soldevila

631 771 815 814 PATRI
847 770 1107 814 IGNATIO
1139 771 1223 813 DE
1256 771 1512 816 LOYOLA

753 871 898 900 GENUA
920 862 962 898 13
980 871 1214 900 nEcssussms
1234 872 1324 910 1554
1346 866 1373 901 ¹.

251 950 451 996 Frequens
469 947 689 984 auditorum
706 958 905 993 numeruS,
924 946 972 982 ad
990 947 1141 983 scholas
1159 953 1310 984 nostras
1329 949 1709 988 accedentium—P.
1735 951 1881 990 Lainez

320 1009 360 1045 in
379 1010 523 1055 templo
542 1007 716 1055 principe
734 998 941 1042 'conciones
958 1007 1078 1042 habet
1094 1006 1143 1042 ad
1160 1009 1462 1054 populum.—P.
1483 1009 1595 1045 Viola
1613 1015 1881 1058 exspectatur,

317 1080 339 1104 e
356 1079 569 1114 congressu
587 1078 676 1102 cum
690 1065 911 1101 marchione
927 1065 976 1101 de
991 1066 1131 1112 Massa,
1146 1067 1258 1102 brevi
1271 1067 1721 1105 rediturus.—Sacerdos
1735 1070 1881 1106 medio·

323 1126 492 1163 lanensis
511 1125 700 1162 Societati
717 1125 824 1172 cupit
838 1124 1026 1161 adscribi.

1055 1208 1077 1243 †

999 1244 1128 1302 Jhus.

339 1335 480 1378 Molto
503 1334 616 1378 Rdo.
641 1333 688 1376 in
710 1334 796 1377 X.⁰
819 1334 982 1377 Padre.
1015 1335 1110 1378 Pax
1137 1333 1235 1387 X.i,
1262 1342 1348 1379 etc.
1382 1329 1501 1379 Cosa
1528 1335 1830 1381 conueniente
1852 1338 1881 1381 e

249 1414 333 1456 che
355 1412 397 1455 la
419 1413 473 1455 R.
501 1413 552 1454 P.
581 1412 638 1455 V.
665 1410 730 1454 sia
747 1410 920 1454 auisata
940 1425 1068 1454 come
1084 1410 1114 1453 il
1130 1410 1324 1468 Signore
1340 1419 1495 1456 nostro
1511 1427 1561 1457 se
1579 1426 1637 1456 ua
1653 1414 1880 1459 seruando

249 1490 305 1533 de
326 1489 371 1532 di
393 1488 439 1531 in
461 1489 507 1531 di
528 1503 607 1544 per
627 1502 782 1532 mezzo
804 1488 860 1531 de
883 1487 1030 1544 questi
1052 1487 1151 1531 suoi
1173 1487 1294 1532 serui
1321 1488 1368 1531 in
1397 1488 1518 1533 aiuto
1541 1488 1587 1532 di
1609 1496 1772 1544 questo
1794 1505 1878 1547 po—

247 1567 369 1622 pulo,
395 1563 633 1622 percioche
662 1579 875 1621 uengono
903 1564 1016 1607 tanti
1042 1564 1251 1618 scholari,
1276 1567 1361 1609 che
1389 1567 1414 1609 e
1442 1580 1522 1622 per
1542 1566 1727 1610 laudare
1748 1566 1781 1609 il
1802 1566 1879 1612 Si-

248 1656 406 1699 gnore,
433 1643 624 1686 essendo
646 1640 692 1683 in
714 1648 875 1696 questo
891 1641 991 1684 loco
1009 1641 1109 1684 fuor
1126 1641 1170 1684 di
1187 1656 1321 1685 mano
1345 1644 1430 1686 che
1453 1642 1608 1694 shamo,
1635 1642 1666 1684 il
1687 1657 1878 1688 numero

248 1720 304 1763 de
327 1718 447 1774 quali
469 1721 494 1762 e
517 1732 730 1774 appresso
750 1733 776 1760 a
801 1730 900 1761 200.
927 1717 976 1763 Si
1000 1718 1043 1761 fa
1064 1718 1199 1761 etiam
1219 1718 1358 1762 frutto
1379 1720 1497 1764 nelle
1514 1718 1802 1773 confessioni,
1829 1728 1876 1765 et

248 1795 373 1839 molti
395 1810 509 1839 sono
527 1797 615 1839 che
636 1810 686 1839 se
708 1795 975 1839 confessano
997 1801 1043 1838 et
1064 1794 1408 1838 communicano
1425 1810 1596 1852 spesso,
1617 1803 1662 1839 et
1681 1797 1874 1848 tuttauia

247 1886 401 1916 cresce
421 1873 464 1915 la
485 1871 727 1915 deuotione
749 1870 795 1913 in
818 1878 978 1926 questo
999 1871 1180 1927 populo.

334 1950 369 1992 Il
392 1951 444 1992 P.
471 1950 651 2004 Laynez
674 1947 855 2004 predica
877 1948 950 1992 nel
972 1948 1105 1990 domo
1126 1961 1212 1991 con
1234 1962 1348 2005 gran
1365 1963 1582 1992 concorso
1598 1949 1656 1992 de
1673 1956 1811 2006 gente
1828 1957 1875 1994 et

247 2041 332 2070 con
353 2041 444 2069 non
466 2026 612 2068 minor
634 2026 789 2068 frutto.
817 2023 1049 2080 Speriamo
1066 2025 1151 2067 che
1171 2024 1288 2067 infra
1304 2025 1447 2082 hoggi
1464 2040 1491 2068 o
1508 2027 1699 2070 domane
1716 2026 1873 2071 uenira

244 2104 275 2146 il
298 2105 352 2147 P.
386 2103 577 2147 Battista
606 2102 753 2155 Viola,
779 2102 910 2157 quale
942 2102 1060 2145 ando
1092 2116 1119 2144 a
1149 2103 1299 2145 Massa
1331 2117 1417 2145 con
1449 2103 1608 2148 lettere
1639 2103 1685 2146 di
1718 2103 1877 2148 fauore

245 2181 362 2225 della
383 2179 583 2237 signoria
605 2185 651 2222 et
672 2179 745 2222 del
767 2178 994 2222 cardinale
1015 2179 1047 2231 ²,
1068 2193 1148 2234 per
1168 2179 1341 2234 parlare
1364 2180 1433 2222 col
1456 2181 1688 2225 marchese
1711 2181 1725 2202 ⁵
1744 2179 1872 2237 peril

244 2256 427 2314 negotio
450 2257 495 2299 di
518 2271 596 2299 san
621 2255 737 2308 Siro,
764 2256 896 2310 quale
918 2256 943 2298 ὲ
967 2269 1028 2298 un
1048 2255 1148 2298 loco
1169 2255 1306 2298 molto
1324 2257 1559 2299 commodo
1581 2263 1626 2300 et
1647 2256 1869 2313 spacioso,

244 2341 289 2379 et
310 2335 335 2377 e
356 2333 402 2376 in
432 2348 585 2378 mezzo
614 2333 731 2377 della
758 2331 862 2384 cita,
887 2332 960 2375 del
986 2332 1119 2387 quale
1147 2331 1222 2375 noi
1249 2331 1409 2375 stiamo
1438 2334 1675 2388 sperando,
1701 2340 1746 2376 et
1767 2348 1871 2390 pre-

243 2411 393 2467 giamo
416 2411 710 2455 humilmente
733 2411 790 2453 V.
816 2410 870 2452 R.
899 2411 971 2463 P.,
997 2408 1122 2453 accio
1139 2408 1300 2465 preghi
1318 2408 1444 2452 Iddio
1462 2409 1602 2454 faccia
1618 2411 1768 2465 quello
1784 2411 1871 2454 che

241 2488 306 2531 sia
328 2503 354 2531 a
376 2488 452 2544 piu
474 2487 618 2544 gloria
639 2501 737 2539 sua,
764 2487 896 2542 quale
918 2501 967 2530 se
988 2486 1203 2542 pretende
1224 2485 1271 2528 in
1294 2493 1453 2541 questo
1475 2486 1681 2543 negocio.

329 2565 423 2621 Qui
445 2566 469 2608 e
496 2580 555 2607 un
577 2564 826 2617 sacerdote,
853 2563 984 2619 quale
1005 2562 1222 2619 pretende
1245 2561 1411 2607 intrare
1427 2564 1544 2607 nella
1566 2564 1862 2620 Compagnia,

240 2647 285 2686 et
313 2642 337 2684 e
367 2648 536 2684 uenuto
565 2656 591 2684 a
620 2647 749 2697 posta
776 2640 834 2683 da
863 2639 1045 2684 Milano:
1076 2654 1184 2696 pare
1212 2653 1274 2682 un
1302 2639 1424 2682 buon
1453 2639 1699 2696 supposito.
1725 2640 1812 2684 Dio
1833 2640 1864 2683 li

308 2798 317 2817 ¹
370 2796 427 2830 Ex
445 2795 683 2841 autographo
702 2794 741 2829 in
759 2795 836 2829 vol.
856 2795 902 2839 E,
920 2793 1065 2841 duplici
1083 2793 1190 2837 folio,
1209 2805 1247 2828 n.
1268 2793 1327 2838 78,
1348 2792 1452 2839 prius
1474 2791 1554 2837 139.

307 2855 320 2876 ²
371 2855 493 2890 «Cum
522 2853 662 2890 litteris
692 2854 946 2900 Reipublicae
977 2858 1016 2888 et
1045 2851 1263 2888 Cardinalis
1294 2852 1457 2887 Doria.»
1486 2852 1703 2897 PoLANCO,
1739 2856 1769 2887 t.
1804 2859 1860 2898 IV,

235 2924 323 2960 pag.
342 2923 402 2959 44,
422 2925 460 2948 n.
475 2921 538 2958 77.
563 2911 779 2949 Cardinalis
798 2917 928 2948 autem
947 2912 1064 2949 Doria
1081 2917 1143 2948 est
1160 2911 1420 2957 Hieronymus
1438 2911 1486 2946 de
1506 2909 1626 2946 Auria
1644 2911 1707 2946 vel
1726 2910 1859 2957 Doria,

234 2973 460 3018 genuensis.

305 3033 319 3053 ³
369 3032 468 3068 Vide
487 3032 601 3079 epist.
622 3040 705 3078 910.
