2054 3496
786 278 828 315 15
855 270 1057 316 JANUARn
1085 277 1176 316 1554
1704 272 1749 318 37

157 386 251 426 rus,
275 372 401 417 venit
428 371 607 416 iuuenis
645 373 695 416 18
728 385 967 425 annorum,
1000 364 1183 428 rogans,
1210 379 1260 415 vt
1281 386 1461 416 mecum
1483 379 1639 430 posset
1660 374 1799 417 Colo—

158 449 277 493 niam
300 449 543 507 proficisci,
569 456 614 494 et
637 464 685 493 se
709 456 855 492 toturn
877 448 1095 493 Societati
1117 449 1241 494 dare.
1268 450 1442 494 Videns
1462 451 1583 494 bona
1615 465 1699 494 sua
1714 466 1798 494 na-

160 526 337 580 turalia,
363 533 409 571 et
435 527 606 570 bonum
638 526 736 571 eius
759 526 982 578 animum,
1006 526 1189 582 permisi
1218 541 1323 571 eum
1352 542 1531 571 mecum
1554 527 1795 584 proficisci.

248 605 377 649 Haec
393 611 516 656 sunt,
538 604 650 649 Rde.
673 606 824 656 Pater,
845 617 962 659 quae
980 605 1033 647 P.
1055 604 1112 647 V.
1134 603 1374 649 scribenda
1390 612 1703 658 occurrerunt,
1723 604 1796 648 cui

157 680 290 725 vnice
311 695 383 724 me
405 681 688 725 commendo.
715 683 841 725 Bene
861 680 1010 724 valeat
1028 682 1081 724 P.
1103 682 1161 725 V.
1181 681 1228 723 in
1246 680 1429 745 Christo
1445 696 1638 738 semper.
1666 692 1793 736 1554,

164 771 216 812 14
230 757 450 816 Januarii.
478 759 532 801 R.
559 759 615 802 V.
642 771 806 802 seruus
827 758 1065 815 indignus,

1018 836 1316 880 LEONARDUS
1348 837 1554 879 KESSEL.

244 914 504 969 Inscriptio:
532 912 561 970 ἦ·
591 913 704 955 Rdo.
748 912 796 956 in
823 912 910 956 X.⁰
948 911 1096 965 Patri,
1127 912 1311 956 domino
1338 911 1518 969 Ignatio
1546 926 1572 954 a
1600 911 1790 967 Loyola,

155 989 415 1047 praeposito
437 988 640 1046 generali
663 989 904 1035 Societatis
919 991 1046 1047 Jesu.

921 1189 1035 1229 ⁷54

735 1278 1058 1315 BALTHASAR
1084 1279 1212 1314 DIAZ

457 1364 670 1420 PATR1
717 1364 1028 1408 IGNATIO
1061 1365 1151 1407 DE
1199 1363 1488 1407 LOYOLA

630 1460 843 1488 VALENTm
872 1460 914 1497 15
939 1461 1134 1495 JANUARn
1163 1459 1254 1496 1554
1281 1453 1308 1487 ¹.

151 1536 340 1583 Religiosi
370 1529 669 1583 augustinianae
699 1534 871 1571 familiae
901 1535 1059 1581 nostris,
1086 1536 1276 1582 templum
1301 1534 1665 1578 exaedificantibus,
1691 1534 1792 1570 obsi-

220 1601 342 1632 stunt:
370 1595 612 1644 pontificium
629 1595 814 1642 diploma,
833 1599 876 1631 ut
893 1607 990 1642 opus
1009 1595 1144 1643 perfici
1167 1600 1299 1642 queat,
1324 1594 1679 1630 desideratur.-P.
1700 1593 1792 1629 Car-

219 1656 336 1703 vajaI,
355 1647 480 1692 oculis
504 1660 656 1702 captus,
675 1666 872 1690 sacrarum
890 1666 1050 1702 precum
1067 1654 1242 1691 codicem
1261 1654 1397 1701 nequit
1416 1654 1563 1699 legere:
1584 1652 1714 1689 facere
1732 1665 1791 1689 sa-

194 1711 197 1712 ⁷
219 1727 328 1752 crum
346 1720 490 1763 potest:
509 1727 532 1750 a
549 1715 638 1761 lege
655 1713 832 1750 divinum
850 1714 1040 1750 recitandi
1059 1714 1230 1750 officium
1248 1714 1356 1760 cupit
1373 1712 1540 1749 absolvi.

816 1794 915 1887 Ji's1s.
951 1829 1110 1872 Maria.

237 1920 348 1975 Muy
369 1920 484 1962 Rdo.
511 1934 568 1963 en
591 1920 709 1975 Xpo.
737 1919 899 1962 Padre.
925 1917 1086 1962 Gratia
1107 1917 1290 1960 Domini
1313 1916 1471 1970 nostri,
1497 1924 1583 1962 etc.
1607 1918 1789 1972 Porque

146 1997 205 2040 ha
225 2009 363 2052 pocos
384 1997 483 2038 dias
504 2010 592 2051 que
620 1998 795 2040 escreui
823 1999 849 2037 a
878 1995 935 2038 V.
968 1995 1020 2037 P.
1055 1994 1138 2038 dos
1168 2000 1315 2037 cartas
1336 1994 1369 2046 ²,
1399 2008 1459 2037 en
1483 2001 1580 2038 esta
1601 2008 1660 2036 no
1689 1993 1787 2036 dire

144 2077 240 2117 mas
261 2074 318 2117 de
344 2074 424 2117 dar
452 2072 577 2116 auiso
599 2077 625 2116 a
653 2074 710 2116 V.
738 2074 791 2115 P.
823 2075 953 2115 como
983 2072 1051 2115 los
1081 2071 1245 2127 frayles
1272 2071 1329 2114 de
1358 2072 1405 2126 S.
1440 2072 1660 2128 Agustin,
1695 2084 1786 2126 que

142 2165 227 2194 son
250 2157 459 2194 nuestros
485 2149 687 2202 vezinos,
718 2164 802 2192 nos
824 2150 968 2192 hazen
997 2163 1111 2205 gran
1133 2147 1356 2191 instancia
1378 2162 1486 2204 para
1508 2147 1785 2203 impedirnos

142 2229 185 2271 la
207 2227 470 2283 edificacion
493 2228 549 2271 de
571 2234 757 2271 nuestra
777 2226 969 2283 yglesia,
995 2240 1084 2268 con
1107 2240 1184 2269 sus
1206 2224 1498 2282 preuillegios
1519 2239 1608 2280 que
1631 2224 1782 2269 tienen

141 2320 200 2349 en
221 2320 275 2349 su
298 2319 420 2348 mare
450 2318 684 2361 magnum3
709 2319 738 2360 y
760 2303 798 2347 si
830 2304 887 2346 de
909 2304 994 2346 alla
1017 2304 1074 2347 V.
1109 2304 1162 2346 P.
1189 2317 1248 2346 no
1280 2306 1422 2359 proue
1449 2303 1506 2345 de
1535 2302 1704 2358 alguna
1726 2301 1782 2344 li-

140 2382 298 2427 cencia
317 2382 375 2426 de
396 2397 450 2425 su
478 2381 713 2425 sanctidad
739 2396 847 2437 para
869 2395 974 2437 que,
999 2395 1028 2436 y
1056 2394 1236 2435 avnque
1268 2386 1453 2423 nuestra
1482 2378 1657 2436 yglesia
1685 2381 1784 2421 este

140 2460 303 2503 dentro
329 2460 403 2502 del
434 2458 625 2502 termino
653 2473 742 2514 que
768 2473 829 2501 no
857 2471 906 2501 se
938 2458 1086 2513 puede
1118 2456 1302 2500 edificat
1327 2455 1504 2513 yglesia
1535 2459 1683 2512 segt'm
1713 2455 1783 2497 los

141 2536 432 2593 preuillegios
454 2550 542 2592 que
564 2536 674 2580 ellos
697 2534 866 2588 tienen,
892 2549 981 2591 que
1003 2540 1211 2577 nosotros
1227 2534 1270 2577 la
1291 2534 1509 2590 podamos
1530 2532 1730 2584 edificar;
1751 2545 1781 2586 y

140 2628 229 2657 avn
251 2613 289 2656 si
310 2617 336 2656 a
353 2614 411 2658 V.
433 2615 485 2656 P.
507 2612 759 2669 paresciere
775 2627 825 2655 se
841 2612 975 2656 deuie
996 2625 1124 2654 sacar
1141 2611 1326 2668 general
1342 2609 1529 2653 licencia
1547 2623 1655 2665 para
1671 2622 1779 2664 que,

139 2690 319 2734 adonde
340 2689 495 2745 quieta
516 2690 559 2733 la
580 2690 848 2745 Compania,
874 2688 1063 2745 pudiese
1083 2690 1220 2731 hazer
1241 2688 1285 2730 lo
1307 2687 1467 2730 mismo
1490 2688 1521 2728 ³.

210 2791 219 2811 ¹
271 2790 330 2825 Ex
347 2791 586 2837 autographo
604 2790 644 2825 in
662 2791 740 2825 vol.
760 2790 891 2837 Epist.
911 2790 1038 2824 viror.
1055 2789 1244 2824 venerab.
1268 2799 1287 2824 e
1304 2788 1389 2823 Soc.
1401 2788 1517 2834 Jesu,
1538 2786 1653 2821 unico
1666 2785 1774 2821 folio.

206 2852 221 2870 ²
269 2849 350 2884 Eae
367 2855 458 2884 sunt
475 2861 518 2885 n.
540 2849 611 2895 739
629 2854 669 2885 et
686 2856 771 2894 744,
790 2847 837 2884 30
856 2854 897 2884 et
914 2848 955 2884 31
978 2847 1209 2884 Decembris
1237 2846 1327 2892 1553
1350 2847 1483 2883 datae.
1514 2845 1643 2892 Epist.
1667 2843 1770 2879 Mix-

135 2910 211 2951 tae,
233 2913 264 2943 t.
289 2917 345 2952 111,
364 2919 453 2955 pag.
472 2909 557 2954 694,
575 2916 663 2954 710.

206 2967 221 2988 ³
269 2965 332 3003 Cf.
354 2966 500 3002 Cartas
516 2968 563 3003 de
583 2968 668 3003 San
686 2968 868 3016 Ignacio,
888 2972 916 3002 t.
936 2976 992 3013 lv,
1011 2977 1100 3013 pag.
1122 2974 1204 3011 527:
1226 2966 1310 3001 «De
1329 2966 1370 3000 la
1388 2963 1684 3000 contradiccidn
1701 2974 1779 3008 que

133 3026 403 3072 experimento
421 3026 462 3060 za
471 3025 638 3072 fabrica
655 3027 719 3062 del
736 3027 883 3074 templo
900 3026 964 3062 del
982 3024 1144 3073 Colegio
1162 3026 1209 3061 de
1232 3025 1460 3060 Valencia».
1481 3021 1560 3057 Sed
1577 3021 1625 3057 de
1644 3020 1704 3057 his
1718 3020 1775 3057 in-

138 3083 198 3120 fra
214 3084 358 3121 redibit
376 3095 519 3131 sermo,
537 3084 652 3132 epist.
672 3085 760 3130 760.
