<?xml version="1.0" encoding="UTF-8"?>
<!DOCTYPE html PUBLIC "-//W3C//DTD XHTML 1.0 Transitional//EN"
    "http://www.w3.org/TR/xhtml1/DTD/xhtml1-transitional.dtd">
<html xmlns="http://www.w3.org/1999/xhtml" xml:lang="en" lang="en">
 <head>
  <title>
</title>
<meta http-equiv="Content-Type" content="text/html;charset=utf-8" />
  <meta name='ocr-system' content='tesseract 3.04.00' />
  <meta name='ocr-capabilities' content='ocr_page ocr_carea ocr_par ocr_line ocrx_word'/>
</head>
<body>
  <div class='ocr_page' id='page_1' title='image "./epistolaemixtaee04matruoft_0930.png"; bbox 0 0 2034 3432; ppageno 0'>
   <div class='ocr_carea' id='block_1_1' title="bbox 321 285 394 322">
    <p class='ocr_par' dir='ltr' id='par_1_1' title="bbox 321 285 394 322">
     <span class='ocr_line' id='line_1_1' title="bbox 321 285 394 322; baseline -0.014 0"><span class='ocrx_word' id='word_1_1' title='bbox 321 285 394 322; x_wconf 85' lang='lat'>924</span> 
     </span>
    </p>
   </div>
   <div class='ocr_carea' id='block_1_2' title="bbox 264 374 1071 3143">
    <p class='ocr_par' dir='ltr' id='par_1_2' title="bbox 264 374 1056 602">
     <span class='ocr_line' id='line_1_2' title="bbox 264 374 1053 423; baseline -0.003 -11"><span class='ocrx_word' id='word_1_2' title='bbox 264 375 446 423; x_wconf 92' lang='lat' dir='ltr'>Medicis,</span> <span class='ocrx_word' id='word_1_3' title='bbox 465 377 628 413; x_wconf 90' lang='lat' dir='ltr'>Cosmas</span> <span class='ocrx_word' id='word_1_4' title='bbox 642 376 706 421; x_wconf 82' lang='lat' dir='ltr'>de,</span> <span class='ocrx_word' id='word_1_5' title='bbox 723 375 944 412; x_wconf 82' lang='lat' dir='ltr'>Florentiae</span> <span class='ocrx_word' id='word_1_6' title='bbox 958 374 1053 420; x_wconf 88' lang='lat' dir='ltr'>dux,</span> 
     </span>
     <span class='ocr_line' id='line_1_3' title="bbox 315 433 1054 483; baseline -0.001 -12"><span class='ocrx_word' id='word_1_7' title='bbox 315 435 399 480; x_wconf 92' lang='lat'>381,</span> <span class='ocrx_word' id='word_1_8' title='bbox 419 444 504 481; x_wconf 80' lang='lat'>5043</span> <span class='ocrx_word' id='word_1_9' title='bbox 525 435 624 483; x_wconf 87' lang='lat' dir='ltr'>petit</span> <span class='ocrx_word' id='word_1_10' title='bbox 648 447 670 472; x_wconf 86' lang='lat' dir='ltr'>a</span> <span class='ocrx_word' id='word_1_11' title='bbox 689 435 891 483; x_wconf 85' lang='lat' dir='ltr'>pontifice,</span> <span class='ocrx_word' id='word_1_12' title='bbox 911 439 955 470; x_wconf 93' lang='lat' dir='ltr'>ut</span> <span class='ocrx_word' id='word_1_13' title='bbox 967 433 1054 470; x_wconf 83' lang='lat' dir='ltr'>reli-</span> 
     </span>
     <span class='ocr_line' id='line_1_4' title="bbox 314 493 1056 541; baseline -0.004 -10"><span class='ocrx_word' id='word_1_14' title='bbox 314 494 418 541; x_wconf 89' lang='lat' dir='ltr'>giosi</span> <span class='ocrx_word' id='word_1_15' title='bbox 440 497 722 531; x_wconf 89' lang='lat' dir='ltr'>conventuales</span> <span class='ocrx_word' id='word_1_16' title='bbox 748 494 796 530; x_wconf 90' lang='lat' dir='ltr'>ad</span> <span class='ocrx_word' id='word_1_17' title='bbox 817 493 1056 530; x_wconf 89' lang='lat' dir='ltr'>severiorem</span> 
     </span>
     <span class='ocr_line' id='line_1_5' title="bbox 316 551 1051 602; baseline -0.004 -12"><span class='ocrx_word' id='word_1_18' title='bbox 316 554 563 602; x_wconf 86' lang='lat' dir='ltr'><strong>disciplinam</strong></span> <span class='ocrx_word' id='word_1_19' title='bbox 588 559 837 596; x_wconf 89' lang='lat' dir='ltr'>revocentur,</span> <span class='ocrx_word' id='word_1_20' title='bbox 859 551 945 600; x_wconf 90' lang='lat'><strong>873,</strong></span> <span class='ocrx_word' id='word_1_21' title='bbox 963 552 1051 597; x_wconf 87' lang='lat'>874.</span> 
     </span>
    </p>

    <p class='ocr_par' dir='ltr' id='par_1_3' title="bbox 270 609 1058 720">
     <span class='ocr_line' id='line_1_6' title="bbox 270 609 1058 660; baseline -0.004 -11"><span class='ocrx_word' id='word_1_22' title='bbox 270 612 448 660; x_wconf 91' lang='lat' dir='ltr'>Medicis,</span> <span class='ocrx_word' id='word_1_23' title='bbox 468 614 641 660; x_wconf 90' lang='lat' dir='ltr'>Joannes</span> <span class='ocrx_word' id='word_1_24' title='bbox 661 613 838 659; x_wconf 86' lang='lat' dir='ltr'>Angelus</span> <span class='ocrx_word' id='word_1_25' title='bbox 850 611 915 658; x_wconf 89' lang='lat' dir='ltr'>de,</span> <span class='ocrx_word' id='word_1_26' title='bbox 934 609 1058 647; x_wconf 85' lang='lat' dir='ltr'>cardi-</span> 
     </span>
     <span class='ocr_line' id='line_1_7' title="bbox 319 673 518 720; baseline 0 -11"><span class='ocrx_word' id='word_1_27' title='bbox 319 674 434 720; x_wconf 87' lang='lat' dir='ltr'>nalis,</span> <span class='ocrx_word' id='word_1_28' title='bbox 454 673 518 720; x_wconf 86' lang='lat'>93.</span> 
     </span>
    </p>

    <p class='ocr_par' dir='ltr' id='par_1_4' title="bbox 270 730 1056 838">
     <span class='ocr_line' id='line_1_8' title="bbox 270 730 1056 780; baseline -0.005 -11"><span class='ocrx_word' id='word_1_29' title='bbox 270 732 449 779; x_wconf 87' lang='lat' dir='ltr'>Medicis,</span> <span class='ocrx_word' id='word_1_30' title='bbox 474 733 647 780; x_wconf 90' lang='lat' dir='ltr'>Joannes</span> <span class='ocrx_word' id='word_1_31' title='bbox 672 733 842 778; x_wconf 85' lang='lat' dir='ltr'>Jacobus</span> <span class='ocrx_word' id='word_1_32' title='bbox 859 730 926 777; x_wconf 88' lang='lat' dir='ltr'>de,</span> <span class='ocrx_word' id='word_1_33' title='bbox 955 741 1056 766; x_wconf 86' lang='lat' dir='ltr'>mar-</span> 
     </span>
     <span class='ocr_line' id='line_1_9' title="bbox 317 790 842 838; baseline -0.004 -10"><span class='ocrx_word' id='word_1_34' title='bbox 317 791 406 828; x_wconf 93' lang='lat' dir='ltr'>chio</span> <span class='ocrx_word' id='word_1_35' title='bbox 424 792 472 828; x_wconf 90' lang='lat' dir='ltr'>de</span> <span class='ocrx_word' id='word_1_36' title='bbox 491 792 733 838; x_wconf 88' lang='lat' dir='ltr'>Marignano,</span> <span class='ocrx_word' id='word_1_37' title='bbox 755 790 842 835; x_wconf 90' lang='lat'>583.</span> 
     </span>
    </p>

    <p class='ocr_par' dir='ltr' id='par_1_5' title="bbox 270 848 1056 897">
     <span class='ocr_line' id='line_1_10' title="bbox 270 848 1056 897; baseline -0.004 -10"><span class='ocrx_word' id='word_1_38' title='bbox 270 850 441 895; x_wconf 71' lang='lat' dir='ltr'>Medma,</span> <span class='ocrx_word' id='word_1_39' title='bbox 458 851 599 886; x_wconf 89' lang='lat' dir='ltr'>Petrus</span> <span class='ocrx_word' id='word_1_40' title='bbox 613 849 677 894; x_wconf 91' lang='lat' dir='ltr'>de,</span> <span class='ocrx_word' id='word_1_41' title='bbox 693 849 853 897; x_wconf 87' lang='lat' dir='ltr'>script.,</span> <span class='ocrx_word' id='word_1_42' title='bbox 868 848 954 895; x_wconf 87' lang='lat'>686,</span> <span class='ocrx_word' id='word_1_43' title='bbox 970 848 1017 894; x_wconf 91' lang='lat'>69</span> <span class='ocrx_word' id='word_1_44' title='bbox 1024 852 1056 884; x_wconf 72' lang='grc' dir='ltr'>Γ.</span> 
     </span>
    </p>

    <p class='ocr_par' dir='ltr' id='par_1_6' title="bbox 270 908 1058 1016">
     <span class='ocr_line' id='line_1_11' title="bbox 270 908 1058 956; baseline -0.004 -10"><span class='ocrx_word' id='word_1_45' title='bbox 270 910 427 946; x_wconf 90' lang='lat' dir='ltr'>Medina</span> <span class='ocrx_word' id='word_1_46' title='bbox 460 909 523 945; x_wconf 94' lang='lat' dir='ltr'>del</span> <span class='ocrx_word' id='word_1_47' title='bbox 554 909 718 956; x_wconf 88' lang='lat' dir='ltr'>Campo,</span> <span class='ocrx_word' id='word_1_48' title='bbox 750 920 866 956; x_wconf 89' lang='lat' dir='ltr'>opp.‚</span> <span class='ocrx_word' id='word_1_49' title='bbox 899 920 941 944; x_wconf 93' lang='lat' dir='ltr'>v.</span> <span class='ocrx_word' id='word_1_50' title='bbox 976 908 1058 943; x_wconf 94' lang='lat' dir='ltr'>Me-</span> 
     </span>
     <span class='ocr_line' id='line_1_12' title="bbox 323 971 503 1016; baseline -0.011 -11"><span class='ocrx_word' id='word_1_51' title='bbox 323 971 503 1016; x_wconf 88' lang='lat' dir='ltr'>thymna.</span> 
     </span>
    </p>

    <p class='ocr_par' dir='ltr' id='par_1_7' title="bbox 270 1028 1056 1076">
     <span class='ocr_line' id='line_1_13' title="bbox 270 1028 1056 1076; baseline 0.003 -12"><span class='ocrx_word' id='word_1_52' title='bbox 270 1029 535 1065; x_wconf 86' lang='lat' dir='ltr'>Mediolanum</span> <span class='ocrx_word' id='word_1_53' title='bbox 549 1030 740 1074; x_wconf 87' lang='lat' dir='ltr'>(Milano),</span> <span class='ocrx_word' id='word_1_54' title='bbox 753 1040 861 1076; x_wconf 84' lang='lat' dir='ltr'>opp.‚</span> <span class='ocrx_word' id='word_1_55' title='bbox 877 1028 962 1076; x_wconf 88' lang='grc'>236,</span> <span class='ocrx_word' id='word_1_56' title='bbox 974 1029 1056 1075; x_wconf 89' lang='lat'>580.</span> 
     </span>
    </p>

    <p class='ocr_par' dir='ltr' id='par_1_8' title="bbox 271 1087 1059 1432">
     <span class='ocr_line' id='line_1_14' title="bbox 271 1087 1058 1136; baseline 0.003 -13"><span class='ocrx_word' id='word_1_57' title='bbox 271 1087 471 1131; x_wconf 85' lang='lat' dir='ltr'>Medrano,</span> <span class='ocrx_word' id='word_1_58' title='bbox 489 1088 640 1136; x_wconf 90' lang='lat' dir='ltr'>Gaspar</span> <span class='ocrx_word' id='word_1_59' title='bbox 654 1089 718 1133; x_wconf 91' lang='lat' dir='ltr'>de,</span> <span class='ocrx_word' id='word_1_60' title='bbox 734 1087 783 1126; x_wconf 92' lang='lat' dir='ltr'>O.</span> <span class='ocrx_word' id='word_1_61' title='bbox 801 1089 842 1125; x_wconf 89' lang='lat' dir='ltr'>S.</span> <span class='ocrx_word' id='word_1_62' title='bbox 859 1090 972 1135; x_wconf 88' lang='lat' dir='ltr'>Ben.,</span> <span class='ocrx_word' id='word_1_63' title='bbox 988 1088 1058 1125; x_wconf 92' lang='lat' dir='ltr'>So-</span> 
     </span>
     <span class='ocr_line' id='line_1_15' title="bbox 322 1146 1056 1193; baseline 0.001 -11"><span class='ocrx_word' id='word_1_64' title='bbox 322 1146 456 1182; x_wconf 89' lang='lat' dir='ltr'>cietati</span> <span class='ocrx_word' id='word_1_65' title='bbox 479 1159 622 1183; x_wconf 91' lang='lat' dir='ltr'>nomen</span> <span class='ocrx_word' id='word_1_66' title='bbox 648 1148 733 1184; x_wconf 91' lang='lat' dir='ltr'>vult</span> <span class='ocrx_word' id='word_1_67' title='bbox 757 1147 864 1192; x_wconf 91' lang='lat' dir='ltr'>dare,</span> <span class='ocrx_word' id='word_1_68' title='bbox 884 1147 1056 1193; x_wconf 83' lang='lat'>675-6783</span> 
     </span>
     <span class='ocr_line' id='line_1_16' title="bbox 324 1205 1059 1253; baseline 0.001 -12"><span class='ocrx_word' id='word_1_69' title='bbox 324 1217 402 1241; x_wconf 92' lang='lat' dir='ltr'>non</span> <span class='ocrx_word' id='word_1_70' title='bbox 420 1205 639 1242; x_wconf 87' lang='lat' dir='ltr'>admittitur</span> <span class='ocrx_word' id='word_1_71' title='bbox 653 1207 702 1242; x_wconf 91' lang='lat' dir='ltr'>ab</span> <span class='ocrx_word' id='word_1_72' title='bbox 721 1206 889 1253; x_wconf 89' lang='lat' dir='ltr'>Ignatio,</span> <span class='ocrx_word' id='word_1_73' title='bbox 903 1206 1059 1242; x_wconf 87' lang='lat' dir='ltr'>suadet-</span> 
     </span>
     <span class='ocr_line' id='line_1_17' title="bbox 320 1264 1059 1312; baseline 0.001 -12"><span class='ocrx_word' id='word_1_74' title='bbox 320 1276 397 1312; x_wconf 89' lang='lat' dir='ltr'>que</span> <span class='ocrx_word' id='word_1_75' title='bbox 432 1264 688 1301; x_wconf 85' lang='lat' dir='ltr'>tentationem</span> <span class='ocrx_word' id='word_1_76' title='bbox 724 1266 904 1312; x_wconf 89' lang='lat' dir='ltr'>vincere,</span> <span class='ocrx_word' id='word_1_77' title='bbox 935 1270 975 1301; x_wconf 91' lang='lat' dir='ltr'>et</span> <span class='ocrx_word' id='word_1_78' title='bbox 1010 1264 1059 1301; x_wconf 92' lang='lat' dir='ltr'>ad</span> 
     </span>
     <span class='ocr_line' id='line_1_18' title="bbox 321 1324 1058 1372; baseline 0 -12"><span class='ocrx_word' id='word_1_79' title='bbox 321 1324 626 1371; x_wconf 84' lang='lat' dir='ltr'>sanctissimum,</span> <span class='ocrx_word' id='word_1_80' title='bbox 651 1337 768 1372; x_wconf 91' lang='lat' dir='ltr'>quem</span> <span class='ocrx_word' id='word_1_81' title='bbox 799 1330 883 1360; x_wconf 88' lang='lat' dir='ltr'>erat</span> <span class='ocrx_word' id='word_1_82' title='bbox 914 1326 1058 1372; x_wconf 92' lang='lat' dir='ltr'>ample-</span> 
     </span>
     <span class='ocr_line' id='line_1_19' title="bbox 322 1383 1003 1432; baseline 0.001 -13"><span class='ocrx_word' id='word_1_83' title='bbox 322 1395 409 1429; x_wconf 84' lang='lat' dir='ltr'>xus,</span> <span class='ocrx_word' id='word_1_84' title='bbox 435 1383 610 1420; x_wconf 89' lang='lat' dir='ltr'>ordinem</span> <span class='ocrx_word' id='word_1_85' title='bbox 634 1384 795 1429; x_wconf 90' lang='lat' dir='ltr'>reverti,</span> <span class='ocrx_word' id='word_1_86' title='bbox 813 1385 899 1432; x_wconf 94' lang='lat'>677,</span> <span class='ocrx_word' id='word_1_87' title='bbox 917 1385 1003 1430; x_wconf 89' lang='lat'>678.</span> 
     </span>
    </p>

    <p class='ocr_par' dir='ltr' id='par_1_9' title="bbox 272 1442 1060 1549">
     <span class='ocr_line' id='line_1_20' title="bbox 272 1442 1060 1490; baseline 0.003 -12"><span class='ocrx_word' id='word_1_88' title='bbox 272 1443 476 1489; x_wconf 88' lang='lat' dir='ltr'>Megense,</span> <span class='ocrx_word' id='word_1_89' title='bbox 496 1442 767 1489; x_wconf 89' lang='lat' dir='ltr'>Sebastianus,</span> <span class='ocrx_word' id='word_1_90' title='bbox 787 1443 833 1479; x_wconf 90' lang='lat' dir='ltr'>S.</span> <span class='ocrx_word' id='word_1_91' title='bbox 853 1445 916 1490; x_wconf 85' lang='lat' dir='ltr'>J.‚</span> <span class='ocrx_word' id='word_1_92' title='bbox 932 1444 1060 1480; x_wconf 88' lang='lat' dir='ltr'>incola</span> 
     </span>
     <span class='ocr_line' id='line_1_21' title="bbox 321 1502 868 1549; baseline 0 -11"><span class='ocrx_word' id='word_1_93' title='bbox 321 1502 478 1549; x_wconf 90' lang='lat' dir='ltr'>collegii</span> <span class='ocrx_word' id='word_1_94' title='bbox 497 1502 766 1548; x_wconf 90' lang='lat' dir='ltr'>bononiensis,</span> <span class='ocrx_word' id='word_1_95' title='bbox 783 1503 868 1548; x_wconf 89' lang='lat'>667.</span> 
     </span>
    </p>

    <p class='ocr_par' dir='ltr' id='par_1_10' title="bbox 275 1560 1061 1668">
     <span class='ocr_line' id='line_1_22' title="bbox 275 1560 1061 1608; baseline 0.001 -12"><span class='ocrx_word' id='word_1_96' title='bbox 275 1560 476 1606; x_wconf 90' lang='lat' dir='ltr'>Melchior,</span> <span class='ocrx_word' id='word_1_97' title='bbox 504 1561 718 1596; x_wconf 87' lang='lat' dir='ltr'>Alexandri</span> <span class='ocrx_word' id='word_1_98' title='bbox 737 1561 929 1608; x_wconf 86' lang='lat' dir='ltr'>Farnesii,</span> <span class='ocrx_word' id='word_1_99' title='bbox 954 1562 1061 1597; x_wconf 89' lang='lat' dir='ltr'>Mon-</span> 
     </span>
     <span class='ocr_line' id='line_1_23' title="bbox 322 1620 848 1668; baseline 0 -12"><span class='ocrx_word' id='word_1_100' title='bbox 322 1621 485 1667; x_wconf 89' lang='lat' dir='ltr'>teregali</span> <span class='ocrx_word' id='word_1_101' title='bbox 504 1626 742 1668; x_wconf 88' lang='lat' dir='ltr'>procurator,</span> <span class='ocrx_word' id='word_1_102' title='bbox 762 1620 848 1666; x_wconf 87' lang='lat'>535.</span> 
     </span>
    </p>

    <p class='ocr_par' dir='ltr' id='par_1_11' title="bbox 272 1679 1060 1785">
     <span class='ocr_line' id='line_1_24' title="bbox 272 1679 1060 1727; baseline 0 -12"><span class='ocrx_word' id='word_1_103' title='bbox 272 1679 485 1726; x_wconf 90' lang='lat' dir='ltr'>Melchior,</span> <span class='ocrx_word' id='word_1_104' title='bbox 527 1680 819 1727; x_wconf 88' lang='lat' dir='ltr'>Hieronymus,</span> <span class='ocrx_word' id='word_1_105' title='bbox 854 1679 1060 1727; x_wconf 91' lang='lat' dir='ltr'>episcopus</span> 
     </span>
     <span class='ocr_line' id='line_1_25' title="bbox 324 1738 723 1785; baseline -0.003 -11"><span class='ocrx_word' id='word_1_106' title='bbox 324 1738 617 1785; x_wconf 87' lang='lat' dir='ltr'>maceratensis,</span> <span class='ocrx_word' id='word_1_107' title='bbox 634 1746 723 1783; x_wconf 87' lang='lat'>722.</span> 
     </span>
    </p>

    <p class='ocr_par' dir='ltr' id='par_1_12' title="bbox 274 1797 806 1844">
     <span class='ocr_line' id='line_1_26' title="bbox 274 1797 806 1844; baseline -0.002 -11"><span class='ocrx_word' id='word_1_108' title='bbox 274 1798 479 1842; x_wconf 91' lang='lat' dir='ltr'>Melchior,</span> <span class='ocrx_word' id='word_1_109' title='bbox 499 1798 608 1844; x_wconf 90' lang='lat' dir='ltr'>Luis,</span> <span class='ocrx_word' id='word_1_110' title='bbox 627 1809 670 1833; x_wconf 92' lang='lat' dir='ltr'>v.</span> <span class='ocrx_word' id='word_1_111' title='bbox 694 1797 806 1832; x_wconf 90' lang='lat' dir='ltr'>Luis.</span> 
     </span>
    </p>

    <p class='ocr_par' dir='ltr' id='par_1_13' title="bbox 275 1855 1062 1961">
     <span class='ocr_line' id='line_1_27' title="bbox 275 1855 1062 1903; baseline -0.001 -11"><span class='ocrx_word' id='word_1_112' title='bbox 275 1856 495 1903; x_wconf 90' lang='lat' dir='ltr'>Melendez,</span> <span class='ocrx_word' id='word_1_113' title='bbox 527 1855 811 1902; x_wconf 90' lang='lat' dir='ltr'>Gundisalvus,</span> <span class='ocrx_word' id='word_1_114' title='bbox 841 1855 1004 1902; x_wconf 58' lang='lat' dir='ltr'>doctor,</span> <span class='ocrx_word' id='word_1_115' title='bbox 1021 1860 1062 1891; x_wconf 93' lang='lat' dir='ltr'>et</span> 
     </span>
     <span class='ocr_line' id='line_1_28' title="bbox 325 1915 978 1961; baseline 0.002 -11"><span class='ocrx_word' id='word_1_116' title='bbox 325 1915 545 1961; x_wconf 87' lang='lat' dir='ltr'>theologiae</span> <span class='ocrx_word' id='word_1_117' title='bbox 565 1925 714 1950; x_wconf 88' lang='lat' dir='ltr'>morum</span> <span class='ocrx_word' id='word_1_118' title='bbox 733 1915 871 1961; x_wconf 90' lang='lat' dir='ltr'>lector,</span> <span class='ocrx_word' id='word_1_119' title='bbox 891 1915 978 1960; x_wconf 89' lang='lat'>562.</span> 
     </span>
    </p>

    <p class='ocr_par' dir='ltr' id='par_1_14' title="bbox 277 1973 1062 2080">
     <span class='ocr_line' id='line_1_29' title="bbox 277 1973 1062 2020; baseline 0.001 -11"><span class='ocrx_word' id='word_1_120' title='bbox 277 1974 475 2020; x_wconf 90' lang='lat' dir='ltr'>Melendo,</span> <span class='ocrx_word' id='word_1_121' title='bbox 504 1973 715 2009; x_wconf 89' lang='lat' dir='ltr'>canonicus</span> <span class='ocrx_word' id='word_1_122' title='bbox 744 1979 1062 2020; x_wconf 85' lang='lat' dir='ltr'>caesaraugusta-</span> 
     </span>
     <span class='ocr_line' id='line_1_30' title="bbox 325 2033 974 2080; baseline 0.002 -11"><span class='ocrx_word' id='word_1_123' title='bbox 325 2045 413 2080; x_wconf 89' lang='lat' dir='ltr'>nus,</span> <span class='ocrx_word' id='word_1_124' title='bbox 433 2033 480 2069; x_wconf 86' lang='lat' dir='ltr'>ad</span> <span class='ocrx_word' id='word_1_125' title='bbox 499 2033 646 2069; x_wconf 89' lang='lat' dir='ltr'>curiam</span> <span class='ocrx_word' id='word_1_126' title='bbox 658 2039 866 2080; x_wconf 86' lang='lat' dir='ltr'>evocatus,</span> <span class='ocrx_word' id='word_1_127' title='bbox 884 2042 974 2079; x_wconf 82' lang='lat'>747.</span> 
     </span>
    </p>

    <p class='ocr_par' dir='ltr' id='par_1_15' title="bbox 276 2091 1061 2199">
     <span class='ocr_line' id='line_1_31' title="bbox 276 2091 1061 2139; baseline 0 -11"><span class='ocrx_word' id='word_1_128' title='bbox 276 2092 413 2129; x_wconf 89' lang='lat' dir='ltr'>Melita</span> <span class='ocrx_word' id='word_1_129' title='bbox 431 2093 596 2139; x_wconf 84' lang='lat' dir='ltr'>(Malta),</span> <span class='ocrx_word' id='word_1_130' title='bbox 615 2093 754 2135; x_wconf 88' lang='lat' dir='ltr'>insula,</span> <span class='ocrx_word' id='word_1_131' title='bbox 772 2100 855 2139; x_wconf 92' lang='grc'>257,</span> <span class='ocrx_word' id='word_1_132' title='bbox 875 2091 959 2138; x_wconf 80' lang='grc'>353,</span> <span class='ocrx_word' id='word_1_133' title='bbox 976 2091 1061 2138; x_wconf 82' lang='grc'>623;</span> 
     </span>
     <span class='ocr_line' id='line_1_32' title="bbox 328 2151 1061 2199; baseline 0.001 -12"><span class='ocrx_word' id='word_1_134' title='bbox 328 2151 545 2188; x_wconf 88' lang='lat' dir='ltr'>melitensis</span> <span class='ocrx_word' id='word_1_135' title='bbox 560 2152 782 2199; x_wconf 91' lang='lat' dir='ltr'>episcopus,</span> <span class='ocrx_word' id='word_1_136' title='bbox 798 2164 841 2188; x_wconf 93' lang='lat' dir='ltr'>v.</span> <span class='ocrx_word' id='word_1_137' title='bbox 861 2152 1061 2188; x_wconf 86' lang='lat' dir='ltr'>Cubelles.</span> 
     </span>
    </p>

    <p class='ocr_par' dir='ltr' id='par_1_16' title="bbox 278 2211 1065 2376">
     <span class='ocr_line' id='line_1_33' title="bbox 278 2211 1065 2258; baseline -0.001 -11"><span class='ocrx_word' id='word_1_138' title='bbox 278 2211 430 2258; x_wconf 85' lang='lat' dir='ltr'>Melito,</span> <span class='ocrx_word' id='word_1_139' title='bbox 447 2223 560 2258; x_wconf 89' lang='lat' dir='ltr'>opp.‚</span> <span class='ocrx_word' id='word_1_140' title='bbox 577 2211 661 2256; x_wconf 83' lang='lat'>4083</span> <span class='ocrx_word' id='word_1_141' title='bbox 677 2222 809 2246; x_wconf 92' lang='lat' dir='ltr'>comes</span> <span class='ocrx_word' id='word_1_142' title='bbox 824 2211 888 2258; x_wconf 91' lang='lat' dir='ltr'>de,</span> <span class='ocrx_word' id='word_1_143' title='bbox 904 2223 942 2246; x_wconf 93' lang='lat' dir='ltr'>v.</span> <span class='ocrx_word' id='word_1_144' title='bbox 963 2211 1065 2246; x_wconf 87' lang='lat' dir='ltr'>Hur-</span> 
     </span>
     <span class='ocr_line' id='line_1_34' title="bbox 326 2270 1065 2315; baseline -0.001 -8"><span class='ocrx_word' id='word_1_145' title='bbox 326 2271 417 2307; x_wconf 89' lang='lat' dir='ltr'>tado</span> <span class='ocrx_word' id='word_1_146' title='bbox 440 2271 489 2306; x_wconf 90' lang='lat' dir='ltr'>de</span> <span class='ocrx_word' id='word_1_147' title='bbox 517 2271 725 2315; x_wconf 87' lang='lat' dir='ltr'>Mendoza,</span> <span class='ocrx_word' id='word_1_148' title='bbox 752 2271 945 2315; x_wconf 84' lang='lat' dir='ltr'>Didacus3</span> <span class='ocrx_word' id='word_1_149' title='bbox 972 2270 1065 2306; x_wconf 92' lang='lat' dir='ltr'>Rui-</span> 
     </span>
     <span class='ocr_line' id='line_1_35' title="bbox 325 2329 682 2376; baseline 0.003 -12"><span class='ocrx_word' id='word_1_150' title='bbox 325 2341 465 2376; x_wconf 87' lang='lat' dir='ltr'>gomez</span> <span class='ocrx_word' id='word_1_151' title='bbox 482 2329 531 2364; x_wconf 91' lang='lat' dir='ltr'>de</span> <span class='ocrx_word' id='word_1_152' title='bbox 556 2329 682 2365; x_wconf 89' lang='lat' dir='ltr'>Silva.</span> 
     </span>
    </p>

    <p class='ocr_par' dir='ltr' id='par_1_17' title="bbox 277 2389 1067 2493">
     <span class='ocr_line' id='line_1_36' title="bbox 277 2389 1067 2435; baseline 0.001 -11"><span class='ocrx_word' id='word_1_153' title='bbox 277 2389 412 2435; x_wconf 89' lang='lat' dir='ltr'>Mello,</span> <span class='ocrx_word' id='word_1_154' title='bbox 438 2390 625 2435; x_wconf 87' lang='lat' dir='ltr'>Joannes,</span> <span class='ocrx_word' id='word_1_155' title='bbox 646 2389 691 2424; x_wconf 92' lang='lat' dir='ltr'>S.</span> <span class='ocrx_word' id='word_1_156' title='bbox 717 2390 778 2435; x_wconf 90' lang='lat' dir='ltr'>J.‚</span> <span class='ocrx_word' id='word_1_157' title='bbox 800 2389 916 2425; x_wconf 90' lang='lat' dir='ltr'>docet</span> <span class='ocrx_word' id='word_1_158' title='bbox 940 2400 1067 2435; x_wconf 90' lang='lat' dir='ltr'>gram-</span> 
     </span>
     <span class='ocr_line' id='line_1_37' title="bbox 328 2448 607 2493; baseline 0.004 -10"><span class='ocrx_word' id='word_1_159' title='bbox 328 2448 524 2492; x_wconf 87' lang='lat' dir='ltr'>maticam,</span> <span class='ocrx_word' id='word_1_160' title='bbox 545 2448 607 2493; x_wconf 88' lang='lat'>84.</span> 
     </span>
    </p>

    <p class='ocr_par' dir='ltr' id='par_1_18' title="bbox 278 2507 1068 2671">
     <span class='ocr_line' id='line_1_38' title="bbox 278 2507 1068 2554; baseline 0 -12"><span class='ocrx_word' id='word_1_161' title='bbox 278 2508 411 2551; x_wconf 91' lang='lat' dir='ltr'>Mello,</span> <span class='ocrx_word' id='word_1_162' title='bbox 432 2508 604 2553; x_wconf 89' lang='lat' dir='ltr'>Joannes</span> <span class='ocrx_word' id='word_1_163' title='bbox 621 2507 684 2551; x_wconf 89' lang='lat' dir='ltr'>de,</span> <span class='ocrx_word' id='word_1_164' title='bbox 704 2507 919 2554; x_wconf 90' lang='lat' dir='ltr'>Episcopus</span> <span class='ocrx_word' id='word_1_165' title='bbox 944 2508 1068 2553; x_wconf 88' lang='lat' dir='ltr'>algar-</span> 
     </span>
     <span class='ocr_line' id='line_1_39' title="bbox 327 2565 1066 2613; baseline 0.001 -12"><span class='ocrx_word' id='word_1_166' title='bbox 327 2565 536 2607; x_wconf 87' lang='lat' dir='ltr'>biensium‚</span> <span class='ocrx_word' id='word_1_167' title='bbox 563 2566 690 2601; x_wconf 90' lang='lat' dir='ltr'>socios</span> <span class='ocrx_word' id='word_1_168' title='bbox 709 2566 849 2612; x_wconf 84' lang='lat' dir='ltr'>poscit,</span> <span class='ocrx_word' id='word_1_169' title='bbox 869 2565 935 2613; x_wconf 92' lang='lat' dir='ltr'>qui</span> <span class='ocrx_word' id='word_1_170' title='bbox 962 2565 1066 2602; x_wconf 91' lang='lat' dir='ltr'>dioe-</span> 
     </span>
     <span class='ocr_line' id='line_1_40' title="bbox 327 2625 872 2671; baseline 0 -11"><span class='ocrx_word' id='word_1_171' title='bbox 327 2625 449 2660; x_wconf 90' lang='lat' dir='ltr'>cesim</span> <span class='ocrx_word' id='word_1_172' title='bbox 469 2626 663 2671; x_wconf 82' lang='lat' dir='ltr'>excolant,</span> <span class='ocrx_word' id='word_1_173' title='bbox 683 2626 767 2671; x_wconf 87' lang='lat'>847,</span> <span class='ocrx_word' id='word_1_174' title='bbox 786 2625 872 2670; x_wconf 88' lang='lat'>848.</span> 
     </span>
    </p>

    <p class='ocr_par' dir='ltr' id='par_1_19' title="bbox 280 2683 1069 2849">
     <span class='ocr_line' id='line_1_41' title="bbox 280 2683 1069 2731; baseline 0.001 -13"><span class='ocrx_word' id='word_1_175' title='bbox 280 2683 484 2729; x_wconf 90' lang='lat' dir='ltr'>Mendoza,</span> <span class='ocrx_word' id='word_1_176' title='bbox 503 2683 766 2719; x_wconf 82' lang='lat' dir='ltr'>Bernardinus</span> <span class='ocrx_word' id='word_1_177' title='bbox 791 2683 860 2728; x_wconf 89' lang='lat' dir='ltr'>de,</span> <span class='ocrx_word' id='word_1_178' title='bbox 879 2684 963 2729; x_wconf 83' lang='lat'>6623</span> <span class='ocrx_word' id='word_1_179' title='bbox 982 2694 1069 2731; x_wconf 90' lang='lat' dir='ltr'>pro-</span> 
     </span>
     <span class='ocr_line' id='line_1_42' title="bbox 328 2742 1068 2789; baseline 0.001 -11"><span class='ocrx_word' id='word_1_180' title='bbox 328 2754 398 2778; x_wconf 87' lang='lat' dir='ltr'>rex</span> <span class='ocrx_word' id='word_1_181' title='bbox 417 2742 702 2789; x_wconf 90' lang='lat' dir='ltr'>neapolitanus,</span> <span class='ocrx_word' id='word_1_182' title='bbox 721 2747 879 2788; x_wconf 90' lang='lat' dir='ltr'>rogatur</span> <span class='ocrx_word' id='word_1_183' title='bbox 894 2748 937 2779; x_wconf 93' lang='lat' dir='ltr'>ut</span> <span class='ocrx_word' id='word_1_184' title='bbox 949 2744 1068 2779; x_wconf 87' lang='lat' dir='ltr'>rebus</span> 
     </span>
     <span class='ocr_line' id='line_1_43' title="bbox 329 2801 994 2849; baseline 0.003 -13"><span class='ocrx_word' id='word_1_185' title='bbox 329 2801 538 2837; x_wconf 87' lang='lat' dir='ltr'>Societatis</span> <span class='ocrx_word' id='word_1_186' title='bbox 558 2801 783 2849; x_wconf 89' lang='lat' dir='ltr'>prospiciat,</span> <span class='ocrx_word' id='word_1_187' title='bbox 802 2801 886 2847; x_wconf 87' lang='lat'>831,</span> <span class='ocrx_word' id='word_1_188' title='bbox 905 2801 994 2838; x_wconf 87' lang='lat'>832.</span> 
     </span>
    </p>

    <p class='ocr_par' dir='ltr' id='par_1_20' title="bbox 282 2860 1071 3082">
     <span class='ocr_line' id='line_1_44' title="bbox 282 2860 1070 2909; baseline 0.001 -13"><span class='ocrx_word' id='word_1_189' title='bbox 282 2860 485 2903; x_wconf 89' lang='lat' dir='ltr'>Mendoza,</span> <span class='ocrx_word' id='word_1_190' title='bbox 502 2861 546 2896; x_wconf 90' lang='lat' dir='ltr'>P.</span> <span class='ocrx_word' id='word_1_191' title='bbox 561 2861 862 2908; x_wconf 91' lang='lat' dir='ltr'>Christophorus</span> <span class='ocrx_word' id='word_1_192' title='bbox 876 2861 941 2908; x_wconf 87' lang='lat' dir='ltr'>de,</span> <span class='ocrx_word' id='word_1_193' title='bbox 956 2861 999 2897; x_wconf 90' lang='lat' dir='ltr'>S.</span> <span class='ocrx_word' id='word_1_194' title='bbox 1015 2862 1070 2909; x_wconf 87' lang='lat' dir='ltr'>J.‚</span> 
     </span>
     <span class='ocr_line' id='line_1_45' title="bbox 329 2918 1071 2966; baseline 0.001 -12"><span class='ocrx_word' id='word_1_195' title='bbox 329 2926 420 2965; x_wconf 87' lang='lat'>257,</span> <span class='ocrx_word' id='word_1_196' title='bbox 445 2918 529 2965; x_wconf 86' lang='lat'>633,</span> <span class='ocrx_word' id='word_1_197' title='bbox 559 2919 651 2964; x_wconf 82' lang='lat'>6663</span> <span class='ocrx_word' id='word_1_198' title='bbox 677 2924 804 2955; x_wconf 88' lang='lat' dir='ltr'>rector</span> <span class='ocrx_word' id='word_1_199' title='bbox 834 2919 1071 2966; x_wconf 87' lang='lat' dir='ltr'>neapolitani</span> 
     </span>
     <span class='ocr_line' id='line_1_46' title="bbox 329 2978 1071 3025; baseline 0.001 -12"><span class='ocrx_word' id='word_1_200' title='bbox 329 2978 501 3024; x_wconf 87' lang='lat' dir='ltr'>collegii,</span> <span class='ocrx_word' id='word_1_201' title='bbox 521 2978 818 3025; x_wconf 87' lang='lat' dir='ltr'>reprehenditur</span> <span class='ocrx_word' id='word_1_202' title='bbox 837 2979 886 3014; x_wconf 91' lang='lat' dir='ltr'>ab</span> <span class='ocrx_word' id='word_1_203' title='bbox 901 2978 1071 3025; x_wconf 86' lang='lat' dir='ltr'>Ignatio,</span> 
     </span>
     <span class='ocr_line' id='line_1_47' title="bbox 329 3036 523 3082; baseline 0.005 -11"><span class='ocrx_word' id='word_1_204' title='bbox 329 3037 414 3082; x_wconf 87' lang='lat'>677,</span> <span class='ocrx_word' id='word_1_205' title='bbox 434 3036 523 3081; x_wconf 88' lang='lat'>678.</span> 
     </span>
    </p>

    <p class='ocr_par' dir='ltr' id='par_1_21' title="bbox 280 3094 1071 3143">
     <span class='ocr_line' id='line_1_48' title="bbox 280 3094 1071 3143; baseline 0.004 -14"><span class='ocrx_word' id='word_1_206' title='bbox 280 3094 492 3137; x_wconf 89' lang='lat' dir='ltr'>Mendoza,</span> <span class='ocrx_word' id='word_1_207' title='bbox 519 3096 711 3132; x_wconf 90' lang='lat' dir='ltr'>Eleonora</span> <span class='ocrx_word' id='word_1_208' title='bbox 734 3095 804 3138; x_wconf 89' lang='lat' dir='ltr'>de,</span> <span class='ocrx_word' id='word_1_209' title='bbox 827 3107 925 3132; x_wconf 88' lang='lat' dir='ltr'>uxor</span> <span class='ocrx_word' id='word_1_210' title='bbox 947 3096 1071 3143; x_wconf 90' lang='lat' dir='ltr'>prima</span> 
     </span>
    </p>
   </div>
   <div class='ocr_carea' id='block_1_3' title="bbox 1009 274 1183 311">
    <p class='ocr_par' dir='ltr' id='par_1_22' title="bbox 1009 274 1183 311">
     <span class='ocr_line' id='line_1_49' title="bbox 1009 274 1183 311; baseline 0.006 -1"><span class='ocrx_word' id='word_1_211' title='bbox 1009 274 1183 311; x_wconf 70' lang='lat' dir='ltr'>Inmcns</span> 
     </span>
    </p>
   </div>
   <div class='ocr_carea' id='block_1_4' title="bbox 1129 375 1958 1549">
    <p class='ocr_par' dir='ltr' id='par_1_23' title="bbox 1174 375 1915 471">
     <span class='ocr_line' id='line_1_50' title="bbox 1174 375 1915 424; baseline 0.001 -12"><span class='ocrx_word' id='word_1_212' title='bbox 1174 375 1312 422; x_wconf 90' lang='lat' dir='ltr'>Jacobi</span> <span class='ocrx_word' id='word_1_213' title='bbox 1324 404 1333 422; x_wconf 96' lang='lat'>,</span> <span class='ocrx_word' id='word_1_214' title='bbox 1367 376 1478 413; x_wconf 90' lang='lat' dir='ltr'>ducis</span> <span class='ocrx_word' id='word_1_215' title='bbox 1519 377 1575 412; x_wconf 90' lang='lat' dir='ltr'>IV</span> <span class='ocrx_word' id='word_1_216' title='bbox 1607 377 1656 413; x_wconf 88' lang='lat' dir='ltr'>de</span> <span class='ocrx_word' id='word_1_217' title='bbox 1692 378 1915 424; x_wconf 78' lang='lat' dir='ltr'>Braganca,</span> 
     </span>
     <span class='ocr_line' id='line_1_51' title="bbox 1178 434 1266 471; baseline 0 0"><span class='ocrx_word' id='word_1_218' title='bbox 1178 434 1266 471; x_wconf 91' lang='grc'>288.</span> 
     </span>
    </p>

    <p class='ocr_par' dir='ltr' id='par_1_24' title="bbox 1129 494 1958 662">
     <span class='ocr_line' id='line_1_52' title="bbox 1129 494 1958 542; baseline 0.002 -11"><span class='ocrx_word' id='word_1_219' title='bbox 1129 495 1332 540; x_wconf 89' lang='lat' dir='ltr'>Mendoza,</span> <span class='ocrx_word' id='word_1_220' title='bbox 1351 494 1620 532; x_wconf 90' lang='lat' dir='ltr'>Ferdinandus</span> <span class='ocrx_word' id='word_1_221' title='bbox 1634 495 1699 542; x_wconf 90' lang='lat' dir='ltr'>de,</span> <span class='ocrx_word' id='word_1_222' title='bbox 1715 496 1914 533; x_wconf 83' lang='lat' dir='ltr'>Francisci</span> <span class='ocrx_word' id='word_1_223' title='bbox 1953 505 1958 510; x_wconf 83' lang='grc'>’</span> 
     </span>
     <span class='ocr_line' id='line_1_53' title="bbox 1177 554 1913 601; baseline 0.004 -11"><span class='ocrx_word' id='word_1_224' title='bbox 1177 554 1383 590; x_wconf 88' lang='lat' dir='ltr'>cardinalis</span> <span class='ocrx_word' id='word_1_225' title='bbox 1397 554 1530 599; x_wconf 82' lang='lat' dir='ltr'>frater,</span> <span class='ocrx_word' id='word_1_226' title='bbox 1539 566 1608 601; x_wconf 90' lang='lat' dir='ltr'>pro</span> <span class='ocrx_word' id='word_1_227' title='bbox 1622 566 1668 590; x_wconf 87' lang='lat' dir='ltr'>eo</span> <span class='ocrx_word' id='word_1_228' title='bbox 1682 554 1913 593; x_wconf 87' lang='lat' dir='ltr'>dioeceseos</span> 
     </span>
     <span class='ocr_line' id='line_1_54' title="bbox 1176 613 1911 662; baseline 0.003 -12"><span class='ocrx_word' id='word_1_229' title='bbox 1176 614 1383 660; x_wconf 87' lang='lat' dir='ltr'>burgensis</span> <span class='ocrx_word' id='word_1_230' title='bbox 1402 613 1703 659; x_wconf 87' lang='lat' dir='ltr'>administrator,</span> <span class='ocrx_word' id='word_1_231' title='bbox 1723 614 1807 661; x_wconf 85' lang='lat'>264,</span> <span class='ocrx_word' id='word_1_232' title='bbox 1826 615 1911 662; x_wconf 88' lang='lat'>564.</span> 
     </span>
    </p>

    <p class='ocr_par' dir='ltr' id='par_1_25' title="bbox 1130 672 1929 956">
     <span class='ocr_line' id='line_1_55' title="bbox 1130 672 1912 719; baseline 0.003 -11"><span class='ocrx_word' id='word_1_233' title='bbox 1130 672 1332 718; x_wconf 82' lang='lat' dir='ltr'>Mendoza,</span> <span class='ocrx_word' id='word_1_234' title='bbox 1351 673 1502 719; x_wconf 87' lang='lat' dir='ltr'>Joanna</span> <span class='ocrx_word' id='word_1_235' title='bbox 1524 672 1588 718; x_wconf 90' lang='lat' dir='ltr'>de,</span> <span class='ocrx_word' id='word_1_236' title='bbox 1609 684 1777 709; x_wconf 90' lang='lat' dir='ltr'>noverca</span> <span class='ocrx_word' id='word_1_237' title='bbox 1800 673 1912 710; x_wconf 86' lang='lat' dir='ltr'>ducis</span> 
     </span>
     <span class='ocr_line' id='line_1_56' title="bbox 1177 730 1914 777; baseline 0.004 -11"><span class='ocrx_word' id='word_1_238' title='bbox 1177 730 1403 773; x_wconf 91' lang='lat' dir='ltr'>Theodosii,</span> <span class='ocrx_word' id='word_1_239' title='bbox 1435 731 1644 766; x_wconf 91' lang='lat' dir='ltr'>Theotonii</span> <span class='ocrx_word' id='word_1_240' title='bbox 1678 737 1816 777; x_wconf 88' lang='lat' dir='ltr'>mater,</span> <span class='ocrx_word' id='word_1_241' title='bbox 1843 731 1914 769; x_wconf 91' lang='lat' dir='ltr'>du-</span> 
     </span>
     <span class='ocr_line' id='line_1_57' title="bbox 1176 789 1929 837; baseline 0.004 -12"><span class='ocrx_word' id='word_1_242' title='bbox 1176 789 1279 825; x_wconf 91' lang='lat' dir='ltr'>cissa</span> <span class='ocrx_word' id='word_1_243' title='bbox 1293 789 1423 826; x_wconf 90' lang='lat' dir='ltr'>senior</span> <span class='ocrx_word' id='word_1_244' title='bbox 1437 791 1646 837; x_wconf 90' lang='lat' dir='ltr'>appellata,</span> <span class='ocrx_word' id='word_1_245' title='bbox 1669 798 1726 837; x_wconf 92' lang='lat'>17,</span> <span class='ocrx_word' id='word_1_246' title='bbox 1745 790 1802 836; x_wconf 92' lang='lat'>18;</span> <span class='ocrx_word' id='word_1_247' title='bbox 1819 799 1929 828; x_wconf 81' lang='lat' dir='ltr'>uxor·</span> 
     </span>
     <span class='ocr_line' id='line_1_58' title="bbox 1177 848 1919 895; baseline 0.003 -11"><span class='ocrx_word' id='word_1_248' title='bbox 1177 848 1349 885; x_wconf 90' lang='lat' dir='ltr'>secunda</span> <span class='ocrx_word' id='word_1_249' title='bbox 1367 849 1520 895; x_wconf 90' lang='lat' dir='ltr'>Jacobi,</span> <span class='ocrx_word' id='word_1_250' title='bbox 1540 849 1651 885; x_wconf 92' lang='lat' dir='ltr'>ducis</span> <span class='ocrx_word' id='word_1_251' title='bbox 1676 849 1732 884; x_wconf 93' lang='lat' dir='ltr'>IV</span> <span class='ocrx_word' id='word_1_252' title='bbox 1749 849 1799 886; x_wconf 91' lang='lat' dir='ltr'>de</span> <span class='ocrx_word' id='word_1_253' title='bbox 1826 850 1919 886; x_wconf 83' lang='lat' dir='ltr'>Bra-</span> 
     </span>
     <span class='ocr_line' id='line_1_59' title="bbox 1177 908 1525 956; baseline -0.003 -11"><span class='ocrx_word' id='word_1_254' title='bbox 1177 921 1317 956; x_wconf 75' lang='lat' dir='ltr'>ganca,</span> <span class='ocrx_word' id='word_1_255' title='bbox 1337 908 1421 955; x_wconf 88' lang='lat'>288,</span> <span class='ocrx_word' id='word_1_256' title='bbox 1442 909 1525 945; x_wconf 92' lang='lat'>868.</span> 
     </span>
    </p>

    <p class='ocr_par' dir='ltr' id='par_1_26' title="bbox 1131 968 1922 1075">
     <span class='ocr_line' id='line_1_60' title="bbox 1131 968 1922 1016; baseline 0.004 -12"><span class='ocrx_word' id='word_1_257' title='bbox 1131 968 1334 1014; x_wconf 89' lang='lat' dir='ltr'>Mendoza,</span> <span class='ocrx_word' id='word_1_258' title='bbox 1354 970 1525 1015; x_wconf 84' lang='lat' dir='ltr'>Joannes</span> <span class='ocrx_word' id='word_1_259' title='bbox 1542 969 1608 1016; x_wconf 91' lang='lat' dir='ltr'>de,</span> <span class='ocrx_word' id='word_1_260' title='bbox 1622 968 1844 1016; x_wconf 84' lang='lat' dir='ltr'>praefectus</span> <span class='ocrx_word' id='word_1_261' title='bbox 1861 981 1922 1007; x_wconf 83' lang='lat' dir='ltr'>ar-</span> 
     </span>
     <span class='ocr_line' id='line_1_61' title="bbox 1178 1027 1470 1075; baseline -0.003 -11"><span class='ocrx_word' id='word_1_262' title='bbox 1178 1028 1251 1075; x_wconf 87' lang='lat' dir='ltr'>cis,</span> <span class='ocrx_word' id='word_1_263' title='bbox 1269 1027 1355 1075; x_wconf 88' lang='lat'>431,</span> <span class='ocrx_word' id='word_1_264' title='bbox 1382 1027 1470 1074; x_wconf 87' lang='lat'>678.</span> 
     </span>
    </p>

    <p class='ocr_par' dir='ltr' id='par_1_27' title="bbox 1134 1088 1920 1489">
     <span class='ocr_line' id='line_1_62' title="bbox 1134 1088 1920 1135; baseline 0.001 -11"><span class='ocrx_word' id='word_1_265' title='bbox 1134 1088 1343 1135; x_wconf 88' lang='lat' dir='ltr'>Mendoza,</span> <span class='ocrx_word' id='word_1_266' title='bbox 1370 1088 1592 1124; x_wconf 90' lang='lat' dir='ltr'>Ludovieus</span> <span class='ocrx_word' id='word_1_267' title='bbox 1617 1088 1687 1135; x_wconf 91' lang='lat' dir='ltr'>de,</span> <span class='ocrx_word' id='word_1_268' title='bbox 1712 1088 1920 1135; x_wconf 85' lang='lat' dir='ltr'>segovien-</span> 
     </span>
     <span class='ocr_line' id='line_1_63' title="bbox 1178 1147 1917 1196; baseline 0.004 -13"><span class='ocrx_word' id='word_1_269' title='bbox 1178 1148 1248 1194; x_wconf 90' lang='lat' dir='ltr'>sis,</span> <span class='ocrx_word' id='word_1_270' title='bbox 1266 1148 1449 1196; x_wconf 90' lang='lat' dir='ltr'>antiquus</span> <span class='ocrx_word' id='word_1_271' title='bbox 1468 1148 1544 1184; x_wconf 86' lang='lat' dir='ltr'>Sti.</span> <span class='ocrx_word' id='word_1_272' title='bbox 1571 1147 1715 1194; x_wconf 88' lang='lat' dir='ltr'>Ignatii</span> <span class='ocrx_word' id='word_1_273' title='bbox 1733 1147 1917 1194; x_wconf 79' lang='lat' dir='ltr'>devotus,</span> 
     </span>
     <span class='ocr_line' id='line_1_64' title="bbox 1177 1206 1917 1254; baseline 0.003 -12"><span class='ocrx_word' id='word_1_274' title='bbox 1177 1208 1237 1252; x_wconf 87' lang='lat'>69;</span> <span class='ocrx_word' id='word_1_275' title='bbox 1270 1212 1440 1254; x_wconf 88' lang='lat' dir='ltr'>optatam</span> <span class='ocrx_word' id='word_1_276' title='bbox 1471 1206 1538 1242; x_wconf 92' lang='lat' dir='ltr'>diu</span> <span class='ocrx_word' id='word_1_277' title='bbox 1568 1206 1851 1254; x_wconf 82' lang='lat' dir='ltr'>profectionem</span> <span class='ocrx_word' id='word_1_278' title='bbox 1876 1206 1917 1245; x_wconf 84' lang='lat' dir='ltr'>in</span> 
     </span>
     <span class='ocr_line' id='line_1_65' title="bbox 1179 1264 1915 1313; baseline 0 -10"><span class='ocrx_word' id='word_1_279' title='bbox 1179 1268 1316 1303; x_wconf 89' lang='lat' dir='ltr'>urbem</span> <span class='ocrx_word' id='word_1_280' title='bbox 1333 1265 1532 1302; x_wconf 85' lang='lat' dir='ltr'>retardare</span> <span class='ocrx_word' id='word_1_281' title='bbox 1549 1266 1715 1312; x_wconf 89' lang='lat' dir='ltr'>cogitur,</span> <span class='ocrx_word' id='word_1_282' title='bbox 1730 1264 1815 1313; x_wconf 92' lang='lat'>311,</span> <span class='ocrx_word' id='word_1_283' title='bbox 1829 1274 1915 1313; x_wconf 85' lang='lat'>472;</span> 
     </span>
     <span class='ocr_line' id='line_1_66' title="bbox 1178 1314 1917 1371; baseline 0.001 -10"><span class='ocrx_word' id='word_1_284' title='bbox 1178 1325 1282 1362; x_wconf 90' lang='lat' dir='ltr'>viam</span> <span class='ocrx_word' id='word_1_285' title='bbox 1301 1314 1473 1362; x_wconf 85' lang='lat' dir='ltr'>ostendit</span> <span class='ocrx_word' id='word_1_286' title='bbox 1491 1325 1539 1360; x_wconf 93' lang='lat' dir='ltr'>ad</span> <span class='ocrx_word' id='word_1_287' title='bbox 1556 1325 1765 1371; x_wconf 87' lang='lat' dir='ltr'>collegium</span> <span class='ocrx_word' id='word_1_288' title='bbox 1785 1325 1917 1362; x_wconf 86' lang='lat' dir='ltr'>Socie-</span> 
     </span>
     <span class='ocr_line' id='line_1_67' title="bbox 1179 1384 1918 1432; baseline -0.001 -11"><span class='ocrx_word' id='word_1_289' title='bbox 1179 1386 1270 1421; x_wconf 87' lang='lat' dir='ltr'>tatis</span> <span class='ocrx_word' id='word_1_290' title='bbox 1287 1385 1481 1432; x_wconf 90' lang='lat' dir='ltr'>Segoviae</span> <span class='ocrx_word' id='word_1_291' title='bbox 1507 1385 1811 1431; x_wconf 88' lang='lat' dir='ltr'>instituendum,</span> <span class='ocrx_word' id='word_1_292' title='bbox 1831 1384 1918 1421; x_wconf 85' lang='lat'><strong>838-</strong></span> 
     </span>
     <span class='ocr_line' id='line_1_68' title="bbox 1179 1444 1269 1489; baseline 0 -9"><span class='ocrx_word' id='word_1_293' title='bbox 1179 1444 1269 1489; x_wconf 89' lang='lat'>840.</span> 
     </span>
    </p>

    <p class='ocr_par' dir='ltr' id='par_1_28' title="bbox 1134 1502 1667 1549">
     <span class='ocr_line' id='line_1_69' title="bbox 1134 1502 1667 1549; baseline 0.002 -11"><span class='ocrx_word' id='word_1_294' title='bbox 1134 1503 1338 1549; x_wconf 90' lang='lat' dir='ltr'>Mendoza,</span> <span class='ocrx_word' id='word_1_295' title='bbox 1358 1502 1479 1539; x_wconf 91' lang='lat' dir='ltr'>Maria</span> <span class='ocrx_word' id='word_1_296' title='bbox 1502 1503 1566 1549; x_wconf 88' lang='lat' dir='ltr'>de,</span> <span class='ocrx_word' id='word_1_297' title='bbox 1585 1503 1667 1549; x_wconf 90' lang='lat'>428.</span> 
     </span>
    </p>
   </div>
   <div class='ocr_carea' id='block_1_5' title="bbox 1133 1555 1983 1608">
    <p class='ocr_par' dir='ltr' id='par_1_29' title="bbox 1133 1555 1983 1608">
     <span class='ocr_line' id='line_1_70' title="bbox 1133 1555 1983 1608; baseline 0.001 -11"><span class='ocrx_word' id='word_1_298' title='bbox 1133 1562 1336 1608; x_wconf 85' lang='lat' dir='ltr'>Mendoza,</span> <span class='ocrx_word' id='word_1_299' title='bbox 1353 1562 1473 1597; x_wconf 89' lang='lat' dir='ltr'>Maria</span> <span class='ocrx_word' id='word_1_300' title='bbox 1491 1562 1555 1608; x_wconf 92' lang='lat' dir='ltr'>de,</span> <span class='ocrx_word' id='word_1_301' title='bbox 1575 1562 1854 1598; x_wconf 89' lang='lat' dir='ltr'>marchionissa</span> <span class='ocrx_word' id='word_1_302' title='bbox 1869 1561 1920 1598; x_wconf 89' lang='lat' dir='ltr'>de</span> <span class='ocrx_word' id='word_1_303' title='bbox 1977 1555 1983 1558; x_wconf 48' lang='lat'><strong>⁴</strong></span> 
     </span>
    </p>
   </div>
   <div class='ocr_carea' id='block_1_6' title="bbox 1133 1620 1929 3084">
    <p class='ocr_par' dir='ltr' id='par_1_30' title="bbox 1181 1620 1919 1726">
     <span class='ocr_line' id='line_1_71' title="bbox 1181 1620 1919 1668; baseline -0.001 -11"><span class='ocrx_word' id='word_1_304' title='bbox 1181 1621 1395 1668; x_wconf 87' lang='lat' dir='ltr'>Mondejar,</span> <span class='ocrx_word' id='word_1_305' title='bbox 1425 1620 1624 1656; x_wconf 88' lang='lat' dir='ltr'>comitissa</span> <span class='ocrx_word' id='word_1_306' title='bbox 1646 1621 1695 1657; x_wconf 84' lang='lat' dir='ltr'>de</span> <span class='ocrx_word' id='word_1_307' title='bbox 1725 1620 1919 1664; x_wconf 89' lang='lat' dir='ltr'>Tendilla,</span> 
     </span>
     <span class='ocr_line' id='line_1_72' title="bbox 1181 1680 1268 1726; baseline 0 -11"><span class='ocrx_word' id='word_1_308' title='bbox 1181 1680 1268 1726; x_wconf 90' lang='lat'>762.</span> 
     </span>
    </p>

    <p class='ocr_par' dir='ltr' id='par_1_31' title="bbox 1134 1739 1687 1784">
     <span class='ocr_line' id='line_1_73' title="bbox 1134 1739 1687 1784; baseline -0.002 -9"><span class='ocrx_word' id='word_1_309' title='bbox 1134 1739 1337 1784; x_wconf 90' lang='lat' dir='ltr'>Mendoza,</span> <span class='ocrx_word' id='word_1_310' title='bbox 1357 1739 1498 1775; x_wconf 89' lang='lat' dir='ltr'>Petrus</span> <span class='ocrx_word' id='word_1_311' title='bbox 1516 1739 1579 1781; x_wconf 90' lang='lat' dir='ltr'>de,</span> <span class='ocrx_word' id='word_1_312' title='bbox 1601 1739 1687 1784; x_wconf 91' lang='lat'>564.</span> 
     </span>
    </p>

    <p class='ocr_par' dir='ltr' id='par_1_32' title="bbox 1133 1798 1920 1963">
     <span class='ocr_line' id='line_1_74' title="bbox 1133 1798 1919 1844; baseline 0.001 -10"><span class='ocrx_word' id='word_1_313' title='bbox 1133 1798 1323 1834; x_wconf 88' lang='lat' dir='ltr'>Mendoza</span> <span class='ocrx_word' id='word_1_314' title='bbox 1357 1803 1397 1833; x_wconf 92' lang='lat' dir='ltr'>et</span> <span class='ocrx_word' id='word_1_315' title='bbox 1430 1798 1653 1844; x_wconf 87' lang='lat' dir='ltr'>Bobadilla,</span> <span class='ocrx_word' id='word_1_316' title='bbox 1689 1798 1919 1835; x_wconf 86' lang='lat' dir='ltr'>Franciscus</span> 
     </span>
     <span class='ocr_line' id='line_1_75' title="bbox 1180 1856 1920 1905; baseline 0.001 -12"><span class='ocrx_word' id='word_1_317' title='bbox 1180 1857 1249 1903; x_wconf 91' lang='lat' dir='ltr'>de,</span> <span class='ocrx_word' id='word_1_318' title='bbox 1280 1856 1507 1904; x_wconf 88' lang='lat' dir='ltr'>cardinalis,</span> <span class='ocrx_word' id='word_1_319' title='bbox 1540 1858 1714 1905; x_wconf 89' lang='lat' dir='ltr'>archiep.</span> <span class='ocrx_word' id='word_1_320' title='bbox 1751 1859 1920 1905; x_wconf 90' lang='lat' dir='ltr'>burgen-</span> 
     </span>
     <span class='ocr_line' id='line_1_76' title="bbox 1181 1910 1465 1963; baseline -0.004 -10"><span class='ocrx_word' id='word_1_321' title='bbox 1181 1917 1248 1959; x_wconf 91' lang='lat' dir='ltr'>sis,</span> <span class='ocrx_word' id='word_1_322' title='bbox 1270 1910 1354 1963; x_wconf 86' lang='grc'>264,</span> <span class='ocrx_word' id='word_1_323' title='bbox 1378 1917 1465 1963; x_wconf 90' lang='grc'>564.</span> 
     </span>
    </p>

    <p class='ocr_par' dir='ltr' id='par_1_33' title="bbox 1134 1975 1923 2141">
     <span class='ocr_line' id='line_1_77' title="bbox 1134 1975 1922 2021; baseline 0.003 -10"><span class='ocrx_word' id='word_1_324' title='bbox 1134 1975 1323 2012; x_wconf 89' lang='lat' dir='ltr'>Mendoza</span> <span class='ocrx_word' id='word_1_325' title='bbox 1340 1980 1381 2011; x_wconf 93' lang='lat' dir='ltr'>et</span> <span class='ocrx_word' id='word_1_326' title='bbox 1397 1975 1446 2011; x_wconf 89' lang='lat' dir='ltr'>de</span> <span class='ocrx_word' id='word_1_327' title='bbox 1464 1977 1500 2011; x_wconf 87' lang='lat' dir='ltr'>la</span> <span class='ocrx_word' id='word_1_328' title='bbox 1515 1975 1655 2021; x_wconf 88' lang='lat' dir='ltr'>Cerda,</span> <span class='ocrx_word' id='word_1_329' title='bbox 1676 1976 1802 2019; x_wconf 85' lang='lat' dir='ltr'>Anna,</span> <span class='ocrx_word' id='word_1_330' title='bbox 1823 1988 1922 2013; x_wconf 83' lang='lat' dir='ltr'>uxor</span> 
     </span>
     <span class='ocr_line' id='line_1_78' title="bbox 1181 2034 1923 2082; baseline 0.001 -12"><span class='ocrx_word' id='word_1_331' title='bbox 1181 2034 1363 2071; x_wconf 90' lang='lat' dir='ltr'>Roderiei</span> <span class='ocrx_word' id='word_1_332' title='bbox 1387 2035 1558 2081; x_wconf 88' lang='lat' dir='ltr'>Gomez,</span> <span class='ocrx_word' id='word_1_333' title='bbox 1582 2035 1762 2082; x_wconf 89' lang='lat' dir='ltr'>princeps</span> <span class='ocrx_word' id='word_1_334' title='bbox 1786 2039 1923 2082; x_wconf 85' lang='lat' dir='ltr'>postea</span> 
     </span>
     <span class='ocr_line' id='line_1_79' title="bbox 1182 2093 1820 2141; baseline -0.002 -11"><span class='ocrx_word' id='word_1_335' title='bbox 1182 2094 1232 2130; x_wconf 90' lang='lat' dir='ltr'>de</span> <span class='ocrx_word' id='word_1_336' title='bbox 1250 2093 1379 2141; x_wconf 89' lang='lat' dir='ltr'>Eboli,</span> <span class='ocrx_word' id='word_1_337' title='bbox 1396 2102 1573 2140; x_wconf 91' lang='lat'>407-409.</span> <span class='ocrx_word' id='word_1_338' title='bbox 1815 2096 1820 2101; x_wconf 89' lang='lat'>&#39;</span> 
     </span>
    </p>

    <p class='ocr_par' dir='ltr' id='par_1_34' title="bbox 1136 2153 1924 2261">
     <span class='ocr_line' id='line_1_80' title="bbox 1136 2153 1924 2200; baseline -0.001 -10"><span class='ocrx_word' id='word_1_339' title='bbox 1136 2154 1354 2190; x_wconf 90' lang='lat' dir='ltr'>Menendez</span> <span class='ocrx_word' id='word_1_340' title='bbox 1390 2160 1430 2189; x_wconf 91' lang='lat' dir='ltr'>et</span> <span class='ocrx_word' id='word_1_341' title='bbox 1463 2155 1624 2200; x_wconf 85' lang='lat' dir='ltr'>Pelayo,</span> <span class='ocrx_word' id='word_1_342' title='bbox 1658 2153 1924 2199; x_wconf 88' lang='lat' dir='ltr'>Marcellinus,</span> 
     </span>
     <span class='ocr_line' id='line_1_81' title="bbox 1185 2214 1452 2261; baseline 0 -12"><span class='ocrx_word' id='word_1_343' title='bbox 1185 2214 1324 2261; x_wconf 91' lang='lat' dir='ltr'>script.</span> <span class='ocrx_word' id='word_1_344' title='bbox 1337 2243 1346 2260; x_wconf 96' lang='lat'>,</span> <span class='ocrx_word' id='word_1_345' title='bbox 1364 2214 1452 2259; x_wconf 91' lang='lat'>617.</span> 
     </span>
    </p>

    <p class='ocr_par' dir='ltr' id='par_1_35' title="bbox 1138 2271 1643 2376">
     <span class='ocr_line' id='line_1_82' title="bbox 1138 2271 1643 2317; baseline -0.004 -8"><span class='ocrx_word' id='word_1_346' title='bbox 1138 2272 1355 2309; x_wconf 89' lang='lat' dir='ltr'>Menendez</span> <span class='ocrx_word' id='word_1_347' title='bbox 1406 2272 1455 2308; x_wconf 89' lang='lat' dir='ltr'>de</span> <span class='ocrx_word' id='word_1_348' title='bbox 1507 2271 1615 2308; x_wconf 90' lang='lat' dir='ltr'>Silva</span> <span class='ocrx_word' id='word_1_349' title='bbox 1633 2298 1643 2317; x_wconf 89' lang='lat'>,</span> 
     </span>
     <span class='ocr_line' id='line_1_83' title="bbox 1186 2329 1554 2376; baseline -0.005 -11"><span class='ocrx_word' id='word_1_350' title='bbox 1186 2329 1323 2376; x_wconf 90' lang='lat' dir='ltr'>script.</span> <span class='ocrx_word' id='word_1_351' title='bbox 1335 2357 1344 2375; x_wconf 95' lang='lat'>,</span> <span class='ocrx_word' id='word_1_352' title='bbox 1364 2337 1449 2376; x_wconf 88' lang='lat'><strong>705,</strong></span> <span class='ocrx_word' id='word_1_353' title='bbox 1468 2329 1554 2374; x_wconf 92' lang='lat'>706.</span> 
     </span>
    </p>

    <p class='ocr_par' dir='ltr' id='par_1_36' title="bbox 1138 2387 1923 2494">
     <span class='ocr_line' id='line_1_84' title="bbox 1138 2387 1923 2434; baseline 0 -11"><span class='ocrx_word' id='word_1_354' title='bbox 1138 2388 1325 2434; x_wconf 89' lang='lat' dir='ltr'>Mercato,</span> <span class='ocrx_word' id='word_1_355' title='bbox 1344 2387 1552 2433; x_wconf 90' lang='lat' dir='ltr'>Georgius,</span> <span class='ocrx_word' id='word_1_356' title='bbox 1577 2387 1622 2423; x_wconf 90' lang='lat' dir='ltr'>S.</span> <span class='ocrx_word' id='word_1_357' title='bbox 1654 2388 1715 2434; x_wconf 89' lang='lat' dir='ltr'>J.‚</span> <span class='ocrx_word' id='word_1_358' title='bbox 1743 2388 1923 2423; x_wconf 89' lang='lat' dir='ltr'>Messana</span> 
     </span>
     <span class='ocr_line' id='line_1_85' title="bbox 1187 2446 1709 2494; baseline -0.004 -11"><span class='ocrx_word' id='word_1_359' title='bbox 1187 2447 1400 2494; x_wconf 91' lang='lat' dir='ltr'>Syracusas</span> <span class='ocrx_word' id='word_1_360' title='bbox 1425 2446 1605 2490; x_wconf 88' lang='lat' dir='ltr'>mittitur,</span> <span class='ocrx_word' id='word_1_361' title='bbox 1625 2446 1709 2492; x_wconf 88' lang='lat'>629.</span> 
     </span>
    </p>

    <p class='ocr_par' dir='ltr' id='par_1_37' title="bbox 1140 2504 1922 2730">
     <span class='ocr_line' id='line_1_86' title="bbox 1140 2504 1922 2552; baseline -0.003 -10"><span class='ocrx_word' id='word_1_362' title='bbox 1140 2505 1420 2552; x_wconf 89' lang='lat' dir='ltr'>Mercurianus,</span> <span class='ocrx_word' id='word_1_363' title='bbox 1439 2506 1486 2541; x_wconf 89' lang='lat' dir='ltr'>P.</span> <span class='ocrx_word' id='word_1_364' title='bbox 1517 2505 1751 2547; x_wconf 88' lang='lat' dir='ltr'>Everardus,</span> <span class='ocrx_word' id='word_1_365' title='bbox 1779 2504 1826 2541; x_wconf 88' lang='lat' dir='ltr'>S.</span> <span class='ocrx_word' id='word_1_366' title='bbox 1858 2505 1922 2552; x_wconf 90' lang='lat' dir='ltr'>J.‚</span> 
     </span>
     <span class='ocr_line' id='line_1_87' title="bbox 1186 2565 1921 2611; baseline -0.001 -10"><span class='ocrx_word' id='word_1_367' title='bbox 1186 2570 1315 2601; x_wconf 87' lang='lat' dir='ltr'>rector</span> <span class='ocrx_word' id='word_1_368' title='bbox 1333 2565 1490 2611; x_wconf 88' lang='lat' dir='ltr'>collegii</span> <span class='ocrx_word' id='word_1_369' title='bbox 1511 2565 1705 2611; x_wconf 89' lang='lat' dir='ltr'>perusini,</span> <span class='ocrx_word' id='word_1_370' title='bbox 1725 2573 1809 2611; x_wconf 92' lang='lat'>214,</span> <span class='ocrx_word' id='word_1_371' title='bbox 1834 2572 1921 2610; x_wconf 87' lang='lat'>445,</span> 
     </span>
     <span class='ocr_line' id='line_1_88' title="bbox 1185 2623 1903 2670; baseline 0.001 -12"><span class='ocrx_word' id='word_1_372' title='bbox 1185 2624 1271 2670; x_wconf 88' lang='grc'>467,</span> <span class='ocrx_word' id='word_1_373' title='bbox 1305 2623 1396 2670; x_wconf 92' lang='grc'>469,</span> <span class='ocrx_word' id='word_1_374' title='bbox 1431 2633 1520 2669; x_wconf 87' lang='grc'>542;</span> <span class='ocrx_word' id='word_1_375' title='bbox 1556 2623 1760 2670; x_wconf 89' lang='lat' dir='ltr'>Spoletum</span> <span class='ocrx_word' id='word_1_376' title='bbox 1793 2623 1903 2659; x_wconf 87' lang='lat' dir='ltr'>venit</span> 
     </span>
     <span class='ocr_line' id='line_1_89' title="bbox 1188 2682 1483 2730; baseline 0 -2"><span class='ocrx_word' id='word_1_377' title='bbox 1188 2682 1483 2730; x_wconf 84' lang='lat'>549‚551‚692·</span> 
     </span>
    </p>

    <p class='ocr_par' dir='ltr' id='par_1_38' title="bbox 1141 2741 1925 2906">
     <span class='ocr_line' id='line_1_90' title="bbox 1141 2741 1925 2789; baseline -0.003 -10"><span class='ocrx_word' id='word_1_378' title='bbox 1141 2743 1350 2788; x_wconf 90' lang='lat' dir='ltr'>Mercurio,</span> <span class='ocrx_word' id='word_1_379' title='bbox 1368 2743 1540 2789; x_wconf 91' lang='lat' dir='ltr'>Joannes</span> <span class='ocrx_word' id='word_1_380' title='bbox 1560 2742 1736 2778; x_wconf 90' lang='lat' dir='ltr'>Andreas</span> <span class='ocrx_word' id='word_1_381' title='bbox 1761 2741 1824 2786; x_wconf 90' lang='lat' dir='ltr'>de,</span> <span class='ocrx_word' id='word_1_382' title='bbox 1843 2752 1925 2777; x_wconf 87' lang='lat' dir='ltr'>car-</span> 
     </span>
     <span class='ocr_line' id='line_1_91' title="bbox 1189 2799 1924 2848; baseline -0.001 -11"><span class='ocrx_word' id='word_1_383' title='bbox 1189 2801 1328 2838; x_wconf 88' lang='lat' dir='ltr'>dinalis</span> <span class='ocrx_word' id='word_1_384' title='bbox 1361 2802 1646 2845; x_wconf 89' lang='lat' dir='ltr'>messanensis,</span> <span class='ocrx_word' id='word_1_385' title='bbox 1680 2809 1762 2846; x_wconf 87' lang='lat'>225;</span> <span class='ocrx_word' id='word_1_386' title='bbox 1798 2799 1924 2848; x_wconf 85' lang='lat' dir='ltr'>carpi-</span> 
     </span>
     <span class='ocr_line' id='line_1_92' title="bbox 1190 2859 1847 2906; baseline 0 -11"><span class='ocrx_word' id='word_1_387' title='bbox 1190 2866 1265 2905; x_wconf 90' lang='lat' dir='ltr'>tur,</span> <span class='ocrx_word' id='word_1_388' title='bbox 1286 2868 1367 2906; x_wconf 87' lang='lat'>254;</span> <span class='ocrx_word' id='word_1_389' title='bbox 1389 2861 1489 2895; x_wconf 90' lang='lat' dir='ltr'>male</span> <span class='ocrx_word' id='word_1_390' title='bbox 1513 2859 1635 2906; x_wconf 87' lang='lat' dir='ltr'>audit,</span> <span class='ocrx_word' id='word_1_391' title='bbox 1653 2859 1737 2906; x_wconf 86' lang='lat'>354,</span> <span class='ocrx_word' id='word_1_392' title='bbox 1759 2859 1847 2904; x_wconf 87' lang='lat'>355.</span> 
     </span>
    </p>

    <p class='ocr_par' dir='ltr' id='par_1_39' title="bbox 1143 2917 1929 3084">
     <span class='ocr_line' id='line_1_93' title="bbox 1143 2917 1923 2965; baseline -0.001 -11"><span class='ocrx_word' id='word_1_393' title='bbox 1143 2918 1353 2961; x_wconf 89' lang='lat' dir='ltr'>Mercurio,</span> <span class='ocrx_word' id='word_1_394' title='bbox 1389 2920 1559 2965; x_wconf 91' lang='lat' dir='ltr'>Joannes</span> <span class='ocrx_word' id='word_1_395' title='bbox 1594 2918 1821 2955; x_wconf 89' lang='lat' dir='ltr'>Dominicus</span> <span class='ocrx_word' id='word_1_396' title='bbox 1857 2917 1923 2964; x_wconf 91' lang='lat' dir='ltr'>de,</span> 
     </span>
     <span class='ocr_line' id='line_1_94' title="bbox 1190 2976 1929 3026; baseline -0.003 -12"><span class='ocrx_word' id='word_1_397' title='bbox 1190 2978 1400 3026; x_wconf 85' lang='lat' dir='ltr'>superioris</span> <span class='ocrx_word' id='word_1_398' title='bbox 1417 2977 1550 3024; x_wconf 83' lang='lat' dir='ltr'>frater,</span> <span class='ocrx_word' id='word_1_399' title='bbox 1569 2977 1774 3024; x_wconf 88' lang='lat' dir='ltr'>conjicitur</span> <span class='ocrx_word' id='word_1_400' title='bbox 1787 2976 1827 3013; x_wconf 85' lang='lat' dir='ltr'>in</span> <span class='ocrx_word' id='word_1_401' title='bbox 1840 2987 1929 3012; x_wconf 86' lang='lat' dir='ltr'>car-</span> 
     </span>
     <span class='ocr_line' id='line_1_95' title="bbox 1190 3030 1922 3084; baseline -0.003 -11"><span class='ocrx_word' id='word_1_402' title='bbox 1190 3048 1320 3073; x_wconf 86' lang='lat' dir='ltr'>cerem</span> <span class='ocrx_word' id='word_1_403' title='bbox 1338 3048 1359 3072; x_wconf 90' lang='lat' dir='ltr'>a</span> <span class='ocrx_word' id='word_1_404' title='bbox 1377 3037 1500 3083; x_wconf 88' lang='lat' dir='ltr'>Vega,</span> <span class='ocrx_word' id='word_1_405' title='bbox 1520 3030 1698 3084; x_wconf 86' lang='lat' dir='ltr'>prorege‚</span> <span class='ocrx_word' id='word_1_406' title='bbox 1724 3044 1807 3082; x_wconf 86' lang='lat'>225,</span> <span class='ocrx_word' id='word_1_407' title='bbox 1833 3042 1922 3081; x_wconf 84' lang='lat'>254,</span> 
     </span>
    </p>
   </div>
   <div class='ocr_carea' id='block_1_7' title="bbox 1190 3095 1382 3143">
    <p class='ocr_par' dir='ltr' id='par_1_40' title="bbox 1190 3095 1382 3143">
     <span class='ocr_line' id='line_1_96' title="bbox 1190 3095 1382 3143; baseline 0 -1"><span class='ocrx_word' id='word_1_408' title='bbox 1190 3095 1382 3143; x_wconf 81' lang='lat'>355‚359-</span> 
     </span>
    </p>
   </div>
   <div class='ocr_carea' id='block_1_8' title="bbox 1693 2271 1924 2319">
    <p class='ocr_par' dir='ltr' id='par_1_41' title="bbox 1693 2271 1924 2319">
     <span class='ocr_line' id='line_1_97' title="bbox 1693 2271 1924 2319; baseline 0.004 -12"><span class='ocrx_word' id='word_1_409' title='bbox 1693 2271 1924 2319; x_wconf 88' lang='lat' dir='ltr'>Rodericus,</span> 
     </span>
    </p>
   </div>
  </div>
 </body>
</html>
