2060 3432
843 224 886 262 13
911 226 1019 273 Jum
1047 233 1136 272 1555
1683 237 1752 274 725

175 328 226 371 fu
247 327 431 384 piurche
452 328 673 384 stupenda
695 327 741 370 in
761 328 852 372 fine
872 327 946 373 del
967 341 1050 372 suo
1071 327 1428 385 ragionamento,
1453 329 1496 372 10
1516 329 1649 385 quale
1671 332 1798 375 facea

172 406 319 448 anche
343 418 430 448 con
457 418 572 460 gran
592 404 820 448 lachrime.
846 405 897 450 Si
924 405 1153 449 confermo
1177 405 1497 462 ingenochioni
1517 407 1637 451 nella
1657 407 1797 451 Com-

175 481 354 539 pagnia‚
385 487 431 525 et
457 481 551 525 cosi
572 481 741 535 finisse,
764 489 811 526 et
831 482 896 540 gli
918 484 1015 527 fece
1041 482 1316 527 domandare
1341 483 1542 539 perdono
1570 498 1596 526 a
1623 483 1729 527 tutti
1750 491 1796 529 et

171 557 347 601 basciar
367 557 431 614 gli
453 558 587 615 piedi.
613 558 760 602 Finita
780 559 824 602 13
844 573 1016 612 mensa,
1040 572 1175 615 parea
1195 558 1260 615 gli
1288 559 1450 604 fratelli
1471 560 1645 604 fossero
1667 574 1795 604 resu-

170 633 336 687 scitati,
361 641 488 678 tanto
509 636 682 692 grande
702 650 778 679 era
798 635 830 678 il
851 634 1024 693 giubilo
1045 649 1176 692 sopra
1196 636 1240 679 la
1256 637 1478 692 peeorella
1493 636 1726 690 ritrouata,
1750 644 1796 681 et

172 710 333 767 grandi
353 718 398 755 et
421 712 644 767 frequenti
666 712 730 769 gli
750 712 1106 765 abrasciamenti,
1131 715 1214 757 che
1236 727 1328 756 non
1344 712 1382 756 51
1399 720 1632 769 puoteuan
1652 714 1792 758 lassa-

171 802 236 832 re.
261 789 499 831 Domando
521 788 566 831 di
582 788 680 845 gire
697 804 722 832 a
739 791 903 833 Loreto
918 788 950 832 il
970 789 1016 832 di
1037 796 1259 846 seguente
1275 789 1543 847 ringratiare
1558 791 1601 833 la
1622 789 1793 847 glorio-

168 864 345 908 sissima
360 865 552 922 virgine,
573 873 618 909 et
634 865 697 922 gli
715 867 979 911 concedette
995 880 1082 910 con
1098 869 1160 911 M.
1182 866 1392 910 Cornelio
1413 868 1442 921 ¹,
1467 874 1513 911 et
1535 867 1633 911 fece
1650 867 1791 911 frutto

167 942 243 986 nel
265 941 441 985 camino
462 956 547 985 con
575 942 861 986 essortationi
889 943 1027 986 molto
1053 942 1265 997 infocate3
1296 958 1370 987 ma
1405 949 1561 987 nostro
1593 942 1792 1000 Signore

169 1018 234 1075 gli
254 1019 379 1063 volse
399 1020 544 1063 anche
565 1019 671 1062 dare
693 1033 775 1062 sua
795 1019 1007 1075 predicha
1027 1034 1106 1076 per
1128 1034 1190 1062 un
1210 1026 1337 1076 puto,
1362 1021 1404 1063 al
1426 1020 1559 1075 quale
1579 1019 1672 1076 egli
1687 1034 1791 1076 pre-

164 1094 375 1148 dichaua‚
408 1094 439 1137 il
472 1096 618 1151 quale,
649 1095 813 1139 sentito
834 1097 918 1139 che
939 1097 1136 1149 l’hebbe,
1160 1096 1296 1141 disse:
1322 1097 1463 1141 Molto
1491 1097 1579 1141 ben
1602 1096 1787 1152 parlate‚

170 1171 331 1224 Padre,
356 1186 429 1215 ma
448 1186 542 1215 non
563 1173 589 1215 e
610 1172 763 1217 niente
784 1172 829 1215 di
851 1172 1216 1217 incomminciare
1236 1172 1406 1217 seruire
1421 1173 1463 1216 al
1479 1172 1693 1229 Signore:
1716 1172 1789 1216 bi—

164 1262 311 1305 sogna
332 1262 622 1304 perseuerare
644 1249 717 1292 nel
739 1248 938 1306 seruigio
958 1249 1032 1294 del
1053 1249 1247 1306 Signore
1268 1249 1332 1292 fin
1352 1250 1394 1293 31
1414 1249 1520 1293 fine:
1545 1248 1608 1291 dil
1634 1251 1719 1294 che
1739 1249 1788 1292 fu

163 1325 303 1368 molto
326 1326 522 1378 tochato,
548 1325 757 1369 uedendo
777 1332 1083 1382 apertamente
1114 1328 1200 1369 che
1230 1333 1384 1370 nostro
1407 1325 1602 1382 Signore
1629 1326 1788 1371 faceua

166 1402 340 1458 parlare
360 1401 391 1444 li
414 1401 612 1455 sanduli,
638 1409 683 1447 et
703 1402 824 1457 quod
844 1402 891 1445 in
912 1417 989 1446 ore
1009 1402 1250 1446 infantium
1280 1409 1326 1446 et
1345 1402 1610 1446 lactantium
1636 1403 1787 1459 perfe-

162 1486 287 1522 cerat
322 1479 501 1523 laudem
537 1479 570 1522 ³.
609 1478 789 1535 Dopuoi
821 1479 997 1522 camina
1026 1480 1167 1523 molto
1187 1480 1321 1533 bene,
1346 1486 1392 1524 et
1413 1494 1506 1522 non
1534 1479 1687 1524 tienne
1707 1479 1786 1536 piu

164 1554 317 1599 niente
338 1562 536 1600 secreto:
568 1556 719 1599 subito
746 1555 911 1601 uienne
931 1557 988 1600 da
1009 1570 1097 1610 me,
1122 1563 1168 1600 et
1194 1556 1233 1600 51
1254 1557 1461 1600 confessa
1482 1562 1528 1601 et
1549 1555 1786 1599 comunica

163 1646 319 1688 spesso
347 1638 394 1675 et
421 1646 507 1675 con
534 1631 856 1676 consolatione.
887 1633 1031 1689 Spero
1057 1635 1157 1677 sara
1186 1633 1391 1690 agiutato
1419 1647 1499 1689 per
1520 1646 1647 1676 mezo
1669 1633 1785 1677 delle

161 1716 292 1752 sante
313 1708 503 1753 orationi
524 1709 641 1754 della
662 1711 716 1753 R.
744 1712 796 1754 P.
823 1709 932 1770 [V.]‚
962 1711 1081 1755 nelle
1107 1710 1228 1767 quali
1255 1724 1431 1767 sempre
1452 1710 1782 1753 confidauamo.

249 1787 284 1829 Π
312 1786 487 1830 fratello
507 1785 728 1830 Giacomo
755 1801 932 1844 sempre
952 1788 979 1831 e
1004 1793 1125 1831 stato
1148 1786 1488 1830 tribulatissimo
1515 1787 1579 1830 fin
1606 1801 1633 1830 a
1652 1785 1782 1838 hieri‚

160 1863 247 1906 che
271 1862 315 1906 10
345 1861 493 1907 menai
524 1862 571 1905 in
603 1864 782 1916 Loreto,
816 1864 936 1909 doue
965 1863 1010 1907 10
1038 1864 1126 1908 feci
1152 1864 1413 1908 confessare
1431 1870 1478 1907 et
1498 1862 1785 1907 comunicare

158 1939 277 1983 nella
297 1946 427 1983 santa
447 1940 634 1995 capella,
659 1941 778 1984 doue
798 1935 907 1996 pare
926 1940 993 1984 513
1013 1943 1084 1985 sta
1104 1941 1325 1998 agiutato,
1350 1941 1517 1997 perche
1539 1940 1603 1983 fin
1624 1954 1651 1983 a
1672 1941 1784 1983 hora

156 2015 325 2072 dopuoi
355 2017 381 2059 0
412 2022 530 2060 stato
560 2017 747 2073 allegro.
782 2018 949 2061 Nostro
980 2017 1148 2074 Signor
1178 2017 1243 2074 gli
1270 2016 1344 2061 dia
1370 2017 1545 2074 agiuto.
1572 2018 1623 2060 In
1650 2015 1782 2060 simili

157 2092 251 2136 casi
272 2092 478 2137 desidero
493 2093 537 2136 la
554 2094 606 2136 P.
628 2095 685 2137 V.
698 2093 877 2137 m’auisi
898 2094 1141 2139 ch'habbia
1156 2095 1214 2138 da
1231 2094 1325 2139 fare
1347 2094 1385 2137 si
1406 2093 1484 2151 piu
1499 2107 1776 2139 ueneranno.

247 2168 453 2225 Philippo
474 2168 585 2213 hieri
606 2169 644 2212 si
665 2169 898 2215 risentette
920 2185 983 2214 un
1004 2172 1177 2227 poccho
1193 2170 1239 2213 di
1257 2171 1396 2216 febre:
1417 2185 1548 2227 spero
1570 2185 1663 2213 non
1679 2171 1780 2214 sara

158 2245 296 2288 nulla.
322 2246 469 2288 Lucas
490 2252 559 2289 sta
580 2260 660 2302 per
680 2246 825 2302 gratia
846 2246 891 2289 di
912 2253 1066 2291 nostro
1087 2247 1255 2304 Signor
1275 2247 1414 2290 molto
1434 2246 1615 2304 meglio.

246 2321 322 2365 Gli
343 2321 478 2377 pretti
498 2321 544 2364 di
571 2323 736 2366 Loreto
763 2337 913 2366 uanno
940 2323 1240 2367 machinando
1268 2325 1460 2380 qualche
1488 2338 1596 2367 cosa
1623 2329 1779 2366 contra

157 2404 312 2442 nostro
332 2397 539 2454 collegio:
564 2414 655 2442 non
677 2414 727 2443 50
748 2402 833 2445 che
853 2403 968 2444 sara.
994 2401 1208 2445 N’hanno
1229 2401 1368 2445 molto
1389 2400 1436 2444 in
1457 2399 1576 2453 odio,
1596 2406 1642 2444 et
1662 2399 1704 2443 ci
1720 2401 1778 2442 ha

156 2475 282 2518 detto
313 2489 403 2517 una
434 2489 625 2530 persona
654 2476 820 2520 deuota
849 2477 906 2521 de
927 2477 1019 2531 noi,
1050 2479 1135 2522 che
1155 2477 1354 2533 pericolo
1386 2478 1412 2521 e
1435 2479 1510 2521 un’
1535 2476 1699 2533 giorno
1720 2490 1778 2519 ne

153 2550 253 2594 sian
274 2550 519 2595 inuelenati
539 2552 597 2595 da
618 2551 693 2595 noi
723 2567 814 2596 una
841 2567 955 2610 gran
982 2560 1124 2610 parte,
1150 2560 1196 2598 et
1216 2556 1301 2599 che
1321 2555 1461 2598 molto
1483 2552 1521 2596 51
1542 2552 1700 2596 dubita
1720 2552 1777 2595 da

225 2727 236 2748 ¹
286 2727 330 2763 P.
362 2727 568 2763 Cornelius
597 2729 878 2774 Broghelmans
907 2729 996 2776 «qui
1025 2729 1201 2765 Flandris
1231 2735 1271 2766 et
1294 2729 1541 2765 inferioribus
1571 2712 1777 2765 Germanis

151 2785 371 2828 audiendis,
397 2791 437 2822 et
459 2786 560 2833 aliis,
584 2786 650 2834 qui
673 2787 793 2823 latine
810 2787 1103 2834 confiterentur,
1130 2794 1244 2835 aptus
1270 2794 1390 2824 erat».
1422 2788 1640 2834 POLANCO,
1663 2791 1693 2822 t.
1719 2795 1777 2832 1v,

152 2856 242 2892 pag.
261 2844 318 2891 48,
340 2857 379 2880 n.
398 2853 462 2891 79.
492 2846 567 2881 Hic
586 2857 658 2881 «ex
676 2846 724 2882 P.
754 2847 897 2893 Ignatii
911 2847 1150 2894 praescripto
1174 2848 1383 2884 lectionem
1395 2858 1555 2883 casuum
1580 2845 1780 2882 conscien-

153 2903 232 2940 tiae
250 2905 515 2951 praelectums
539 2905 666 2952 [erat],
685 2906 748 2941 vel
766 2906 883 2941 Pater
899 2906 983 2953 ipse
1001 2905 1214 2949 oliverius,
1243 2907 1401 2951 Rector,
1437 2910 1551 2952 prout
1576 2905 1782 2941 Guberna-

148 2963 225 2999 tori
241 2962 475 2999 videretur».
495 2964 604 3000 Ibid.
626 2976 666 3000 n.
685 2964 745 3010 82,
767 2964 911 3000 Cartas
927 2966 975 3001 de
994 2965 1081 3001 San
1096 2966 1277 3013 1gnacio,
1296 2971 1328 3001 t.
1351 2973 1406 3009 iv,
1424 2975 1516 3011 pag.
1535 2963 1705 3009 485-487.

223 3025 238 3044 2
287 3023 360 3058 Ρ5.
383 3030 468 3066 vm,
486 3021 522 3058 3.
