<?xml version="1.0" encoding="UTF-8"?>
<!DOCTYPE html PUBLIC "-//W3C//DTD XHTML 1.0 Transitional//EN"
    "http://www.w3.org/TR/xhtml1/DTD/xhtml1-transitional.dtd">
<html xmlns="http://www.w3.org/1999/xhtml" xml:lang="en" lang="en">
 <head>
  <title>
</title>
<meta http-equiv="Content-Type" content="text/html;charset=utf-8" />
  <meta name='ocr-system' content='tesseract 3.04.00' />
  <meta name='ocr-capabilities' content='ocr_page ocr_carea ocr_par ocr_line ocrx_word'/>
</head>
<body>
  <div class='ocr_page' id='page_1' title='image "./epistolaemixtaee04matruoft_0791.png"; bbox 0 0 2060 3432; ppageno 0'>
   <div class='ocr_carea' id='block_1_1' title="bbox 784 184 1736 252">
    <p class='ocr_par' dir='ltr' id='par_1_1' title="bbox 784 184 1736 252">
     <span class='ocr_line' id='line_1_1' title="bbox 784 184 1736 252; baseline 0.011 -10"><span class='ocrx_word' id='word_1_1' title='bbox 784 213 806 252; x_wconf 95' lang='lat'><strong>7</strong></span> <span class='ocrx_word' id='word_1_2' title='bbox 833 184 1025 243; x_wconf 69' lang='lat' dir='ltr'><strong>Aueusn</strong></span> <span class='ocrx_word' id='word_1_3' title='bbox 1053 213 1144 252; x_wconf 90' lang='lat'>1555</span> <span class='ocrx_word' id='word_1_4' title='bbox 1667 206 1736 252; x_wconf 86' lang='lat'><strong>785</strong></span> 
     </span>
    </p>
   </div>
   <div class='ocr_carea' id='block_1_2' title="bbox 150 306 1784 443">
    <p class='ocr_par' dir='ltr' id='par_1_2' title="bbox 150 306 1784 443">
     <span class='ocr_line' id='line_1_2' title="bbox 241 306 1784 367; baseline -0.001 -16"><span class='ocrx_word' id='word_1_5' title='bbox 241 308 506 364; x_wconf 73' lang='lat' dir='ltr'><strong>Inscrz&#39;pzio:</strong></span> <span class='ocrx_word' id='word_1_6' title='bbox 526 308 555 367; x_wconf 86' lang='lat'>†</span> <span class='ocrx_word' id='word_1_7' title='bbox 578 309 638 352; x_wconf 92' lang='lat' dir='ltr'><strong>Al</strong></span> <span class='ocrx_word' id='word_1_8' title='bbox 660 308 800 351; x_wconf 90' lang='lat' dir='ltr'><strong>molto</strong></span> <span class='ocrx_word' id='word_1_9' title='bbox 822 307 937 351; x_wconf 92' lang='lat' dir='ltr'><strong>Rdo.</strong></span> <span class='ocrx_word' id='word_1_10' title='bbox 963 306 1010 350; x_wconf 93' lang='lat' dir='ltr'><strong>in</strong></span> <span class='ocrx_word' id='word_1_11' title='bbox 1031 308 1118 350; x_wconf 92' lang='lat' dir='ltr'><strong>X.⁰</strong></span> <span class='ocrx_word' id='word_1_12' title='bbox 1141 307 1304 359; x_wconf 88' lang='lat' dir='ltr'><strong>Padre,</strong></span> <span class='ocrx_word' id='word_1_13' title='bbox 1324 307 1367 350; x_wconf 91' lang='lat' dir='ltr'><strong>el</strong></span> <span class='ocrx_word' id='word_1_14' title='bbox 1385 308 1438 350; x_wconf 91' lang='lat' dir='ltr'><strong>P.</strong></span> <span class='ocrx_word' id='word_1_15' title='bbox 1459 309 1522 351; x_wconf 92' lang='lat' dir='ltr'><strong>M.</strong></span> <span class='ocrx_word' id='word_1_16' title='bbox 1544 307 1720 364; x_wconf 91' lang='lat' dir='ltr'><strong>Ignatio</strong></span> <span class='ocrx_word' id='word_1_17' title='bbox 1737 307 1784 351; x_wconf 92' lang='lat' dir='ltr'><strong>di</strong></span> 
     </span>
     <span class='ocr_line' id='line_1_3' title="bbox 150 382 1480 443; baseline -0.002 -12"><span class='ocrx_word' id='word_1_18' title='bbox 150 386 338 442; x_wconf 88' lang='lat' dir='ltr'><strong>Loyola,</strong></span> <span class='ocrx_word' id='word_1_19' title='bbox 363 384 591 442; x_wconf 90' lang='lat' dir='ltr'><strong>preposito</strong></span> <span class='ocrx_word' id='word_1_20' title='bbox 613 386 826 443; x_wconf 87' lang='lat' dir='ltr'><strong>generale</strong></span> <span class='ocrx_word' id='word_1_21' title='bbox 847 385 965 429; x_wconf 91' lang='lat' dir='ltr'><strong>della</strong></span> <span class='ocrx_word' id='word_1_22' title='bbox 987 382 1270 440; x_wconf 88' lang='lat' dir='ltr'><strong>Compagnia</strong></span> <span class='ocrx_word' id='word_1_23' title='bbox 1292 383 1339 426; x_wconf 90' lang='lat' dir='ltr'><strong>di</strong></span> <span class='ocrx_word' id='word_1_24' title='bbox 1355 384 1480 441; x_wconf 75' lang='lat' dir='ltr'><strong>Jesu.</strong></span> 
     </span>
    </p>
   </div>
   <div class='ocr_carea' id='block_1_3' title="bbox 611 615 1314 742">
    <p class='ocr_par' dir='ltr' id='par_1_3' title="bbox 611 615 1314 742">
     <span class='ocr_line' id='line_1_4' title="bbox 893 615 1042 655; baseline 0.007 -1"><span class='ocrx_word' id='word_1_25' title='bbox 893 615 965 655; x_wconf 73' lang='grc' dir='ltr'><strong>Ιθ</strong></span> <span class='ocrx_word' id='word_1_26' title='bbox 972 616 994 655; x_wconf 95' lang='grc' dir='ltr'>Ι</span> <span class='ocrx_word' id='word_1_27' title='bbox 1002 616 1042 654; x_wconf 78' lang='grc' dir='ltr'><strong>θ</strong></span> 
     </span>
     <span class='ocr_line' id='line_1_5' title="bbox 611 705 1314 742; baseline 0.001 -1"><span class='ocrx_word' id='word_1_28' title='bbox 611 705 886 742; x_wconf 91' lang='lat' dir='ltr'><strong>ADRIANUS</strong></span> <span class='ocrx_word' id='word_1_29' title='bbox 913 705 1314 742; x_wconf 89' lang='lat' dir='ltr'>ADRIAENSSENS</span> 
     </span>
    </p>
   </div>
   <div class='ocr_carea' id='block_1_4' title="bbox 526 790 1411 835">
    <p class='ocr_par' dir='ltr' id='par_1_4' title="bbox 526 790 1411 835">
     <span class='ocr_line' id='line_1_6' title="bbox 526 790 1411 835; baseline 0 -1"><span class='ocrx_word' id='word_1_30' title='bbox 526 791 712 834; x_wconf 89' lang='lat' dir='ltr'><strong>PATRI</strong></span> <span class='ocrx_word' id='word_1_31' title='bbox 742 790 1005 834; x_wconf 89' lang='lat' dir='ltr'><strong>IGNATIO</strong></span> <span class='ocrx_word' id='word_1_32' title='bbox 1037 791 1120 833; x_wconf 92' lang='lat' dir='ltr'><strong>DE</strong></span> <span class='ocrx_word' id='word_1_33' title='bbox 1150 791 1411 835; x_wconf 90' lang='lat' dir='ltr'><strong>LOYOLA</strong></span> 
     </span>
    </p>
   </div>
   <div class='ocr_carea' id='block_1_5' title="bbox 668 880 1263 924">
    <p class='ocr_par' dir='ltr' id='par_1_5' title="bbox 668 880 1263 924">
     <span class='ocr_line' id='line_1_7' title="bbox 668 880 1263 924; baseline 0.002 -10"><span class='ocrx_word' id='word_1_34' title='bbox 668 886 855 914; x_wconf 83' lang='lat' dir='ltr'><strong>LovAN10</strong></span> <span class='ocrx_word' id='word_1_35' title='bbox 873 886 895 923; x_wconf 96' lang='lat'><strong>7</strong></span> <span class='ocrx_word' id='word_1_36' title='bbox 918 887 1101 916; x_wconf 79' lang='lat' dir='ltr'><strong>AUGUSTl</strong></span> <span class='ocrx_word' id='word_1_37' title='bbox 1123 886 1211 924; x_wconf 88' lang='lat'>1555</span> <span class='ocrx_word' id='word_1_38' title='bbox 1232 880 1263 915; x_wconf 85' lang='lat'><strong>¹.</strong></span> 
     </span>
    </p>
   </div>
   <div class='ocr_carea' id='block_1_6' title="bbox 201 961 1725 1068">
    <p class='ocr_par' dir='ltr' id='par_1_6' title="bbox 201 961 1725 1068">
     <span class='ocr_line' id='line_1_8' title="bbox 201 961 1725 1009; baseline -0.001 -9"><span class='ocrx_word' id='word_1_39' title='bbox 201 966 262 1001; x_wconf 90' lang='lat' dir='ltr'><strong>De</strong></span> <span class='ocrx_word' id='word_1_40' title='bbox 281 963 421 999; x_wconf 89' lang='lat' dir='ltr'><strong>litteris</strong></span> <span class='ocrx_word' id='word_1_41' title='bbox 439 961 625 1009; x_wconf 88' lang='lat' dir='ltr'><strong>acceptis,</strong></span> <span class='ocrx_word' id='word_1_42' title='bbox 643 961 692 997; x_wconf 90' lang='lat' dir='ltr'><strong>de</strong></span> <span class='ocrx_word' id='word_1_43' title='bbox 711 961 827 997; x_wconf 87' lang='lat' dir='ltr'><strong>sociis</strong></span> <span class='ocrx_word' id='word_1_44' title='bbox 844 962 1008 997; x_wconf 87' lang='lat' dir='ltr'>Romam</span> <span class='ocrx_word' id='word_1_45' title='bbox 1025 962 1369 1009; x_wconf 86' lang='lat' dir='ltr'><strong>contendentibus,</strong></span> <span class='ocrx_word' id='word_1_46' title='bbox 1388 962 1438 998; x_wconf 90' lang='lat' dir='ltr'><strong>de</strong></span> <span class='ocrx_word' id='word_1_47' title='bbox 1456 963 1725 1000; x_wconf 86' lang='lat' dir='ltr'><strong>commissario</strong></span> 
     </span>
     <span class='ocr_line' id='line_1_9' title="bbox 674 1020 1254 1068; baseline 0 -11"><span class='ocrx_word' id='word_1_48' title='bbox 674 1021 848 1068; x_wconf 88' lang='lat' dir='ltr'><strong>generali</strong></span> <span class='ocrx_word' id='word_1_49' title='bbox 866 1020 1028 1057; x_wconf 84' lang='lat' dir='ltr'><strong>fratrum</strong></span> <span class='ocrx_word' id='word_1_50' title='bbox 1047 1021 1254 1058; x_wconf 88' lang='lat' dir='ltr'><strong>minorum.</strong></span> 
     </span>
    </p>
   </div>
   <div class='ocr_carea' id='block_1_7' title="bbox 145 1105 1787 2526">
    <p class='ocr_par' dir='ltr' id='par_1_7' title="bbox 914 1105 1011 1199">
     <span class='ocr_line' id='line_1_10' title="bbox 952 1105 974 1139; baseline 0 -18"><span class='ocrx_word' id='word_1_51' title='bbox 952 1105 974 1139; x_wconf 75' lang='lat'><strong>†</strong></span> 
     </span>
     <span class='ocr_line' id='line_1_11' title="bbox 914 1143 1011 1199; baseline 0.01 -15"><span class='ocrx_word' id='word_1_52' title='bbox 914 1143 1011 1199; x_wconf 79' lang='lat' dir='ltr'><strong>jhs.</strong></span> 
     </span>
    </p>

    <p class='ocr_par' dir='ltr' id='par_1_8' title="bbox 147 1235 1786 2282">
     <span class='ocr_line' id='line_1_12' title="bbox 236 1235 1786 1294; baseline -0.001 -11"><span class='ocrx_word' id='word_1_53' title='bbox 236 1238 396 1283; x_wconf 81' lang='lat' dir='ltr'>Gratia</span> <span class='ocrx_word' id='word_1_54' title='bbox 418 1244 463 1282; x_wconf 91' lang='lat' dir='ltr'><strong>et</strong></span> <span class='ocrx_word' id='word_1_55' title='bbox 485 1252 572 1294; x_wconf 86' lang='lat' dir='ltr'><strong>pax</strong></span> <span class='ocrx_word' id='word_1_56' title='bbox 604 1236 662 1280; x_wconf 89' lang='lat' dir='ltr'><strong>Xi</strong></span> <span class='ocrx_word' id='word_1_57' title='bbox 696 1235 953 1280; x_wconf 86' lang='lat' dir='ltr'><strong>nobiscum.</strong></span> <span class='ocrx_word' id='word_1_58' title='bbox 979 1237 1092 1280; x_wconf 90' lang='lat' dir='ltr'><strong>Rde.</strong></span> <span class='ocrx_word' id='word_1_59' title='bbox 1124 1236 1170 1279; x_wconf 91' lang='lat' dir='ltr'><strong>in</strong></span> <span class='ocrx_word' id='word_1_60' title='bbox 1203 1235 1289 1280; x_wconf 91' lang='lat' dir='ltr'><strong>X.⁰</strong></span> <span class='ocrx_word' id='word_1_61' title='bbox 1313 1238 1464 1280; x_wconf 89' lang='lat' dir='ltr'><strong>Pater.</strong></span> <span class='ocrx_word' id='word_1_62' title='bbox 1500 1237 1604 1281; x_wconf 92' lang='lat' dir='ltr'><strong>Non</strong></span> <span class='ocrx_word' id='word_1_63' title='bbox 1626 1237 1786 1281; x_wconf 91' lang='lat' dir='ltr'><strong>dubito</strong></span> 
     </span>
     <span class='ocr_line' id='line_1_13' title="bbox 149 1312 1786 1372; baseline -0.002 -13"><span class='ocrx_word' id='word_1_64' title='bbox 149 1316 258 1372; x_wconf 93' lang='lat' dir='ltr'><strong>quin</strong></span> <span class='ocrx_word' id='word_1_65' title='bbox 283 1318 335 1359; x_wconf 89' lang='lat' dir='ltr'><strong>P.</strong></span> <span class='ocrx_word' id='word_1_66' title='bbox 364 1314 622 1359; x_wconf 88' lang='lat' dir='ltr'><strong>Bernardus</strong></span> <span class='ocrx_word' id='word_1_67' title='bbox 643 1314 658 1334; x_wconf 84' lang='lat'><strong>²</strong></span> <span class='ocrx_word' id='word_1_68' title='bbox 683 1314 740 1356; x_wconf 90' lang='lat' dir='ltr'><strong>de</strong></span> <span class='ocrx_word' id='word_1_69' title='bbox 761 1312 954 1369; x_wconf 89' lang='lat' dir='ltr'><strong>singulis</strong></span> <span class='ocrx_word' id='word_1_70' title='bbox 977 1314 1113 1357; x_wconf 89' lang='lat' dir='ltr'><strong>rebus</strong></span> <span class='ocrx_word' id='word_1_71' title='bbox 1136 1314 1193 1356; x_wconf 92' lang='lat' dir='ltr'><strong>ad</strong></span> <span class='ocrx_word' id='word_1_72' title='bbox 1217 1316 1268 1357; x_wconf 89' lang='grc' dir='ltr'><strong>Ρ.</strong></span> <span class='ocrx_word' id='word_1_73' title='bbox 1295 1315 1352 1358; x_wconf 88' lang='lat' dir='ltr'><strong>V.</strong></span> <span class='ocrx_word' id='word_1_74' title='bbox 1379 1313 1569 1367; x_wconf 88' lang='lat' dir='ltr'><strong>scribat,</strong></span> <span class='ocrx_word' id='word_1_75' title='bbox 1601 1321 1649 1357; x_wconf 90' lang='lat' dir='ltr'><strong>vt</strong></span> <span class='ocrx_word' id='word_1_76' title='bbox 1678 1314 1786 1357; x_wconf 91' lang='lat' dir='ltr'><strong>mihi</strong></span> 
     </span>
     <span class='ocr_line' id='line_1_14' title="bbox 148 1390 1784 1447; baseline -0.001 -10"><span class='ocrx_word' id='word_1_77' title='bbox 148 1400 362 1438; x_wconf 77' lang='lat' dir='ltr'><strong>oretenus</strong></span> <span class='ocrx_word' id='word_1_78' title='bbox 398 1391 527 1444; x_wconf 90' lang='lat' dir='ltr'><strong>dixit,</strong></span> <span class='ocrx_word' id='word_1_79' title='bbox 567 1390 719 1446; x_wconf 87' lang='lat' dir='ltr'><strong>itaque</strong></span> <span class='ocrx_word' id='word_1_80' title='bbox 756 1391 914 1435; x_wconf 89' lang='lat' dir='ltr'><strong>eadem</strong></span> <span class='ocrx_word' id='word_1_81' title='bbox 944 1405 1038 1433; x_wconf 92' lang='lat' dir='ltr'><strong>non</strong></span> <span class='ocrx_word' id='word_1_82' title='bbox 1071 1397 1286 1447; x_wconf 82' lang='lat' dir='ltr'><strong>repetam.</strong></span> <span class='ocrx_word' id='word_1_83' title='bbox 1323 1391 1598 1447; x_wconf 83' lang='lat' dir='ltr'><strong>Accepimus</strong></span> <span class='ocrx_word' id='word_1_84' title='bbox 1630 1391 1784 1435; x_wconf 82' lang='lat' dir='ltr'><strong>literas</strong></span> 
     </span>
     <span class='ocr_line' id='line_1_15' title="bbox 149 1467 1786 1525; baseline -0.003 -10"><span class='ocrx_word' id='word_1_85' title='bbox 149 1472 204 1514; x_wconf 90' lang='lat' dir='ltr'><strong>R.</strong></span> <span class='ocrx_word' id='word_1_86' title='bbox 231 1471 286 1514; x_wconf 88' lang='lat' dir='ltr'><strong>V.</strong></span> <span class='ocrx_word' id='word_1_87' title='bbox 322 1477 416 1512; x_wconf 90' lang='lat' dir='ltr'><strong>tum</strong></span> <span class='ocrx_word' id='word_1_88' title='bbox 440 1483 518 1524; x_wconf 90' lang='lat' dir='ltr'><strong>per</strong></span> <span class='ocrx_word' id='word_1_89' title='bbox 549 1469 607 1511; x_wconf 93' lang='lat' dir='ltr'><strong>D.</strong></span> <span class='ocrx_word' id='word_1_90' title='bbox 633 1467 846 1511; x_wconf 86' lang='lat' dir='ltr'><strong>Alexium</strong></span> <span class='ocrx_word' id='word_1_91' title='bbox 869 1468 883 1488; x_wconf 83' lang='lat'><strong>⁵</strong></span> <span class='ocrx_word' id='word_1_92' title='bbox 917 1467 989 1511; x_wconf 90' lang='lat' dir='ltr'><strong>die</strong></span> <span class='ocrx_word' id='word_1_93' title='bbox 1013 1468 1037 1510; x_wconf 88' lang='lat'>8</span> <span class='ocrx_word' id='word_1_94' title='bbox 1055 1467 1180 1525; x_wconf 90' lang='lat' dir='ltr'><strong>Julii,</strong></span> <span class='ocrx_word' id='word_1_95' title='bbox 1217 1474 1313 1511; x_wconf 91' lang='lat' dir='ltr'><strong>tum</strong></span> <span class='ocrx_word' id='word_1_96' title='bbox 1336 1482 1415 1524; x_wconf 87' lang='lat' dir='ltr'><strong>per</strong></span> <span class='ocrx_word' id='word_1_97' title='bbox 1446 1468 1672 1511; x_wconf 86' lang='lat' dir='ltr'><strong>notarium</strong></span> <span class='ocrx_word' id='word_1_98' title='bbox 1700 1483 1786 1511; x_wconf 91' lang='lat' dir='ltr'><strong>no-</strong></span> 
     </span>
     <span class='ocr_line' id='line_1_16' title="bbox 147 1544 1785 1603; baseline -0.001 -13"><span class='ocrx_word' id='word_1_99' title='bbox 147 1555 290 1591; x_wconf 83' lang='lat' dir='ltr'><strong>strum</strong></span> <span class='ocrx_word' id='word_1_100' title='bbox 313 1546 386 1589; x_wconf 86' lang='lat' dir='ltr'><strong>die</strong></span> <span class='ocrx_word' id='word_1_101' title='bbox 415 1559 466 1602; x_wconf 83' lang='lat'><strong>19</strong></span> <span class='ocrx_word' id='word_1_102' title='bbox 482 1544 591 1603; x_wconf 90' lang='lat' dir='ltr'><strong>Julii</strong></span> <span class='ocrx_word' id='word_1_103' title='bbox 613 1544 818 1600; x_wconf 88' lang='lat' dir='ltr'><strong>scriptas,</strong></span> <span class='ocrx_word' id='word_1_104' title='bbox 843 1552 888 1588; x_wconf 90' lang='lat' dir='ltr'><strong>et</strong></span> <span class='ocrx_word' id='word_1_105' title='bbox 911 1544 1062 1588; x_wconf 91' lang='lat' dir='ltr'><strong>omnia</strong></span> <span class='ocrx_word' id='word_1_106' title='bbox 1086 1545 1275 1588; x_wconf 86' lang='lat' dir='ltr'><strong>fecimus</strong></span> <span class='ocrx_word' id='word_1_107' title='bbox 1296 1545 1415 1589; x_wconf 89' lang='lat' dir='ltr'><strong>sicut</strong></span> <span class='ocrx_word' id='word_1_108' title='bbox 1439 1547 1491 1588; x_wconf 89' lang='lat' dir='ltr'><strong>P.</strong></span> <span class='ocrx_word' id='word_1_109' title='bbox 1525 1546 1785 1590; x_wconf 87' lang='lat' dir='ltr'><strong>Bernardus</strong></span> 
     </span>
     <span class='ocr_line' id='line_1_17' title="bbox 150 1621 1785 1678; baseline -0.001 -10"><span class='ocrx_word' id='word_1_110' title='bbox 150 1627 203 1668; x_wconf 94' lang='grc' dir='ltr'><strong>Ρ.</strong></span> <span class='ocrx_word' id='word_1_111' title='bbox 231 1625 308 1677; x_wconf 90' lang='lat' dir='ltr'><strong>V.,</strong></span> <span class='ocrx_word' id='word_1_112' title='bbox 334 1623 504 1667; x_wconf 86' lang='lat' dir='ltr'><strong>scribit.</strong></span> <span class='ocrx_word' id='word_1_113' title='bbox 526 1621 691 1675; x_wconf 78' lang='lat' dir='ltr'><strong>Hodie,</strong></span> <span class='ocrx_word' id='word_1_114' title='bbox 710 1623 798 1664; x_wconf 85' lang='lat' dir='ltr'><strong>hoc</strong></span> <span class='ocrx_word' id='word_1_115' title='bbox 815 1628 900 1674; x_wconf 92' lang='lat' dir='ltr'><strong>est,</strong></span> <span class='ocrx_word' id='word_1_116' title='bbox 927 1632 953 1676; x_wconf 94' lang='lat'><strong>7</strong></span> <span class='ocrx_word' id='word_1_117' title='bbox 972 1622 1190 1678; x_wconf 85' lang='lat' dir='ltr'><strong>Augusti,</strong></span> <span class='ocrx_word' id='word_1_118' title='bbox 1210 1622 1317 1666; x_wconf 89' lang='lat' dir='ltr'><strong>hinc</strong></span> <span class='ocrx_word' id='word_1_119' title='bbox 1339 1637 1445 1666; x_wconf 90' lang='lat' dir='ltr'><strong>cum</strong></span> <span class='ocrx_word' id='word_1_120' title='bbox 1467 1623 1591 1665; x_wconf 90' lang='lat' dir='ltr'><strong>mulo</strong></span> <span class='ocrx_word' id='word_1_121' title='bbox 1613 1622 1785 1666; x_wconf 79' lang='lat' dir='ltr'><strong>disces-</strong></span> 
     </span>
     <span class='ocr_line' id='line_1_18' title="bbox 149 1698 1785 1758; baseline -0.002 -13"><span class='ocrx_word' id='word_1_122' title='bbox 149 1708 306 1745; x_wconf 86' lang='lat' dir='ltr'><strong>serunt</strong></span> <span class='ocrx_word' id='word_1_123' title='bbox 327 1702 384 1744; x_wconf 95' lang='lat' dir='ltr'><strong>D.</strong></span> <span class='ocrx_word' id='word_1_124' title='bbox 405 1700 633 1758; x_wconf 91' lang='lat' dir='ltr'><strong>Jordanus</strong></span> <span class='ocrx_word' id='word_1_125' title='bbox 655 1713 758 1741; x_wconf 90' lang='lat' dir='ltr'><strong>cum</strong></span> <span class='ocrx_word' id='word_1_126' title='bbox 781 1698 925 1741; x_wconf 90' lang='lat' dir='ltr'><strong>tribus</strong></span> <span class='ocrx_word' id='word_1_127' title='bbox 947 1698 1096 1751; x_wconf 86' lang='lat' dir='ltr'><strong>sociis,</strong></span> <span class='ocrx_word' id='word_1_128' title='bbox 1122 1700 1178 1743; x_wconf 92' lang='lat' dir='ltr'><strong>de</strong></span> <span class='ocrx_word' id='word_1_129' title='bbox 1201 1699 1367 1755; x_wconf 89' lang='lat' dir='ltr'><strong>quibus</strong></span> <span class='ocrx_word' id='word_1_130' title='bbox 1395 1699 1442 1743; x_wconf 89' lang='lat' dir='ltr'><strong>in</strong></span> <span class='ocrx_word' id='word_1_131' title='bbox 1469 1699 1567 1743; x_wconf 91' lang='lat' dir='ltr'><strong>aliis</strong></span> <span class='ocrx_word' id='word_1_132' title='bbox 1596 1699 1708 1743; x_wconf 91' lang='lat' dir='ltr'><strong>meis</strong></span> <span class='ocrx_word' id='word_1_133' title='bbox 1729 1699 1785 1742; x_wconf 90' lang='lat' dir='ltr'><strong>li-</strong></span> 
     </span>
     <span class='ocr_line' id='line_1_19' title="bbox 150 1775 1783 1834; baseline -0.001 -13"><span class='ocrx_word' id='word_1_134' title='bbox 150 1777 257 1822; x_wconf 87' lang='lat' dir='ltr'><strong>teris</strong></span> <span class='ocrx_word' id='word_1_135' title='bbox 279 1792 384 1833; x_wconf 91' lang='lat' dir='ltr'><strong>ago.</strong></span> <span class='ocrx_word' id='word_1_136' title='bbox 410 1778 557 1820; x_wconf 90' lang='lat' dir='ltr'><strong>Dnus.</strong></span> <span class='ocrx_word' id='word_1_137' title='bbox 578 1777 713 1834; x_wconf 87' lang='lat' dir='ltr'><strong>Jesus</strong></span> <span class='ocrx_word' id='word_1_138' title='bbox 733 1775 930 1819; x_wconf 89' lang='lat' dir='ltr'><strong>deducat</strong></span> <span class='ocrx_word' id='word_1_139' title='bbox 951 1789 1029 1819; x_wconf 87' lang='lat' dir='ltr'><strong>eos</strong></span> <span class='ocrx_word' id='word_1_140' title='bbox 1050 1790 1186 1820; x_wconf 89' lang='lat' dir='ltr'><strong>sanos</strong></span> <span class='ocrx_word' id='word_1_141' title='bbox 1208 1777 1265 1819; x_wconf 86' lang='lat' dir='ltr'><strong>ad</strong></span> <span class='ocrx_word' id='word_1_142' title='bbox 1288 1779 1340 1820; x_wconf 88' lang='lat' dir='ltr'><strong>P.</strong></span> <span class='ocrx_word' id='word_1_143' title='bbox 1367 1778 1425 1821; x_wconf 91' lang='lat' dir='ltr'><strong>V.</strong></span> <span class='ocrx_word' id='word_1_144' title='bbox 1450 1776 1623 1820; x_wconf 90' lang='lat' dir='ltr'><strong>Poterit</strong></span> <span class='ocrx_word' id='word_1_145' title='bbox 1645 1777 1783 1820; x_wconf 87' lang='lat' dir='ltr'><strong>colle-</strong></span> 
     </span>
     <span class='ocr_line' id='line_1_20' title="bbox 149 1852 1785 1912; baseline -0.001 -14"><span class='ocrx_word' id='word_1_146' title='bbox 149 1855 237 1912; x_wconf 86' lang='lat' dir='ltr'><strong>giis</strong></span> <span class='ocrx_word' id='word_1_147' title='bbox 261 1855 432 1906; x_wconf 87' lang='lat' dir='ltr'><strong>Padue,</strong></span> <span class='ocrx_word' id='word_1_148' title='bbox 458 1852 679 1905; x_wconf 89' lang='lat' dir='ltr'><strong>Venetiis,</strong></span> <span class='ocrx_word' id='word_1_149' title='bbox 711 1860 826 1905; x_wconf 91' lang='lat' dir='ltr'><strong>etc.,</strong></span> <span class='ocrx_word' id='word_1_150' title='bbox 858 1852 1105 1909; x_wconf 87' lang='lat' dir='ltr'><strong>significari</strong></span> <span class='ocrx_word' id='word_1_151' title='bbox 1133 1854 1246 1896; x_wconf 89' lang='lat' dir='ltr'><strong>tales</strong></span> <span class='ocrx_word' id='word_1_152' title='bbox 1272 1860 1508 1907; x_wconf 85' lang='lat' dir='ltr'><strong>venturos,</strong></span> <span class='ocrx_word' id='word_1_153' title='bbox 1533 1861 1673 1909; x_wconf 87' lang='lat' dir='ltr'><strong>vtque</strong></span> <span class='ocrx_word' id='word_1_154' title='bbox 1706 1868 1785 1898; x_wconf 91' lang='lat' dir='ltr'><strong>eos</strong></span> 
     </span>
     <span class='ocr_line' id='line_1_21' title="bbox 150 1928 1782 1988; baseline -0.001 -13"><span class='ocrx_word' id='word_1_155' title='bbox 150 1939 379 1987; x_wconf 85' lang='lat' dir='ltr'><strong>tamquam</strong></span> <span class='ocrx_word' id='word_1_156' title='bbox 404 1931 565 1973; x_wconf 87' lang='lat' dir='ltr'><strong>fratres</strong></span> <span class='ocrx_word' id='word_1_157' title='bbox 587 1928 822 1986; x_wconf 88' lang='lat' dir='ltr'><strong>recipiant,</strong></span> <span class='ocrx_word' id='word_1_158' title='bbox 848 1935 893 1973; x_wconf 92' lang='lat' dir='ltr'><strong>et</strong></span> <span class='ocrx_word' id='word_1_159' title='bbox 915 1929 952 1972; x_wconf 90' lang='lat' dir='ltr'><strong>si</strong></span> <span class='ocrx_word' id='word_1_160' title='bbox 979 1929 1174 1986; x_wconf 90' lang='lat' dir='ltr'><strong>pecunia</strong></span> <span class='ocrx_word' id='word_1_161' title='bbox 1202 1930 1352 1986; x_wconf 89' lang='lat' dir='ltr'><strong>aliqua</strong></span> <span class='ocrx_word' id='word_1_162' title='bbox 1375 1931 1512 1988; x_wconf 85' lang='lat' dir='ltr'><strong>(quod</strong></span> <span class='ocrx_word' id='word_1_163' title='bbox 1534 1946 1627 1973; x_wconf 91' lang='lat' dir='ltr'><strong>non</strong></span> <span class='ocrx_word' id='word_1_164' title='bbox 1657 1930 1782 1987; x_wconf 82' lang='lat' dir='ltr'><strong>puto&gt;</strong></span> 
     </span>
     <span class='ocr_line' id='line_1_22' title="bbox 148 2004 1783 2065; baseline -0.001 -14"><span class='ocrx_word' id='word_1_165' title='bbox 148 2008 399 2065; x_wconf 84' lang='lat' dir='ltr'><strong>indigeant,</strong></span> <span class='ocrx_word' id='word_1_166' title='bbox 424 2004 635 2049; x_wconf 77' lang='lat' dir='ltr'><strong>inutuent</strong></span> <span class='ocrx_word' id='word_1_167' title='bbox 657 2005 738 2059; x_wconf 89' lang='lat' dir='ltr'><strong>eis,</strong></span> <span class='ocrx_word' id='word_1_168' title='bbox 764 2021 848 2050; x_wconf 91' lang='lat' dir='ltr'><strong>nos</strong></span> <span class='ocrx_word' id='word_1_169' title='bbox 869 2006 1176 2051; x_wconf 89' lang='lat' dir='ltr'><strong>restituemus.</strong></span> <span class='ocrx_word' id='word_1_170' title='bbox 1210 2007 1351 2051; x_wconf 90' lang='lat' dir='ltr'><strong>Aliud</strong></span> <span class='ocrx_word' id='word_1_171' title='bbox 1373 2023 1466 2051; x_wconf 91' lang='lat' dir='ltr'><strong>non</strong></span> <span class='ocrx_word' id='word_1_172' title='bbox 1493 2008 1639 2051; x_wconf 89' lang='lat' dir='ltr'><strong>habeo</strong></span> <span class='ocrx_word' id='word_1_173' title='bbox 1662 2008 1783 2064; x_wconf 89' lang='lat' dir='ltr'><strong>quod</strong></span> 
     </span>
     <span class='ocr_line' id='line_1_23' title="bbox 148 2084 1783 2140; baseline -0.001 -12"><span class='ocrx_word' id='word_1_174' title='bbox 148 2086 327 2138; x_wconf 90' lang='lat' dir='ltr'><strong>addam,</strong></span> <span class='ocrx_word' id='word_1_175' title='bbox 352 2084 438 2127; x_wconf 91' lang='lat' dir='ltr'><strong>nisi</strong></span> <span class='ocrx_word' id='word_1_176' title='bbox 461 2084 598 2139; x_wconf 91' lang='lat' dir='ltr'><strong>quod,</strong></span> <span class='ocrx_word' id='word_1_177' title='bbox 623 2086 764 2140; x_wconf 92' lang='lat' dir='ltr'><strong>proch</strong></span> <span class='ocrx_word' id='word_1_178' title='bbox 782 2085 924 2138; x_wconf 87' lang='lat' dir='ltr'><strong>dolor,</strong></span> <span class='ocrx_word' id='word_1_179' title='bbox 946 2084 1145 2140; x_wconf 85' lang='lat' dir='ltr'><strong>Vndique</strong></span> <span class='ocrx_word' id='word_1_180' title='bbox 1166 2086 1308 2128; x_wconf 90' lang='lat' dir='ltr'><strong>multa</strong></span> <span class='ocrx_word' id='word_1_181' title='bbox 1325 2084 1698 2129; x_wconf 87' lang='lat' dir='ltr'><strong>daeaedificatiua</strong></span> <span class='ocrx_word' id='word_1_182' title='bbox 1717 2085 1783 2127; x_wconf 86' lang='lat' dir='ltr'><strong>fe-</strong></span> 
     </span>
     <span class='ocr_line' id='line_1_24' title="bbox 148 2160 1785 2219; baseline -0.001 -14"><span class='ocrx_word' id='word_1_183' title='bbox 148 2170 307 2205; x_wconf 89' lang='lat' dir='ltr'><strong>rantur</strong></span> <span class='ocrx_word' id='word_1_184' title='bbox 328 2162 385 2206; x_wconf 89' lang='lat' dir='ltr'><strong>de</strong></span> <span class='ocrx_word' id='word_1_185' title='bbox 406 2162 625 2205; x_wconf 88' lang='lat' dir='ltr'><strong>moderno</strong></span> <span class='ocrx_word' id='word_1_186' title='bbox 648 2160 877 2217; x_wconf 88' lang='lat' dir='ltr'><strong>pontifice.</strong></span> <span class='ocrx_word' id='word_1_187' title='bbox 905 2161 1030 2217; x_wconf 78' lang='lat' dir='ltr'><strong>Quid</strong></span> <span class='ocrx_word' id='word_1_188' title='bbox 1050 2161 1130 2214; x_wconf 89' lang='lat' dir='ltr'><strong>sit,</strong></span> <span class='ocrx_word' id='word_1_189' title='bbox 1166 2161 1336 2205; x_wconf 89' lang='lat' dir='ltr'><strong>nescio.</strong></span> <span class='ocrx_word' id='word_1_190' title='bbox 1362 2162 1593 2219; x_wconf 87' lang='lat' dir='ltr'><strong>Dignetur</strong></span> <span class='ocrx_word' id='word_1_191' title='bbox 1625 2160 1785 2204; x_wconf 91' lang='lat' dir='ltr'><strong>Domi-</strong></span> 
     </span>
     <span class='ocr_line' id='line_1_25' title="bbox 149 2236 874 2282; baseline 0 -1"><span class='ocrx_word' id='word_1_192' title='bbox 149 2254 236 2282; x_wconf 91' lang='lat' dir='ltr'><strong>nus</strong></span> <span class='ocrx_word' id='word_1_193' title='bbox 259 2237 409 2281; x_wconf 90' lang='lat' dir='ltr'><strong>omnia</strong></span> <span class='ocrx_word' id='word_1_194' title='bbox 429 2244 608 2282; x_wconf 88' lang='lat' dir='ltr'><strong>vertere</strong></span> <span class='ocrx_word' id='word_1_195' title='bbox 628 2236 675 2279; x_wconf 88' lang='lat' dir='ltr'><strong>in</strong></span> <span class='ocrx_word' id='word_1_196' title='bbox 697 2237 874 2281; x_wconf 89' lang='lat' dir='ltr'><strong>melius.</strong></span> 
     </span>
    </p>

    <p class='ocr_par' dir='ltr' id='par_1_9' title="bbox 145 2314 1787 2526">
     <span class='ocr_line' id='line_1_26' title="bbox 236 2314 1786 2372; baseline -0.003 -13"><span class='ocrx_word' id='word_1_197' title='bbox 236 2317 306 2359; x_wconf 88' lang='lat' dir='ltr'><strong>De</strong></span> <span class='ocrx_word' id='word_1_198' title='bbox 329 2314 634 2358; x_wconf 87' lang='lat' dir='ltr'><strong>commissario</strong></span> <span class='ocrx_word' id='word_1_199' title='bbox 657 2314 858 2371; x_wconf 86' lang='lat' dir='ltr'><strong>generali</strong></span> <span class='ocrx_word' id='word_1_200' title='bbox 875 2316 1065 2358; x_wconf 88' lang='lat' dir='ltr'><strong>fratrum</strong></span> <span class='ocrx_word' id='word_1_201' title='bbox 1087 2315 1312 2359; x_wconf 89' lang='lat' dir='ltr'><strong>minorum</strong></span> <span class='ocrx_word' id='word_1_202' title='bbox 1334 2331 1479 2372; x_wconf 90' lang='lat' dir='ltr'><strong>nuper</strong></span> <span class='ocrx_word' id='word_1_203' title='bbox 1502 2323 1652 2359; x_wconf 87' lang='lat' dir='ltr'><strong>ternas</strong></span> <span class='ocrx_word' id='word_1_204' title='bbox 1671 2314 1786 2357; x_wconf 88' lang='lat' dir='ltr'><strong>scri-</strong></span> 
     </span>
     <span class='ocr_line' id='line_1_27' title="bbox 146 2390 1786 2449; baseline -0.002 -14"><span class='ocrx_word' id='word_1_205' title='bbox 146 2392 215 2449; x_wconf 91' lang='lat' dir='ltr'><strong>psi</strong></span> <span class='ocrx_word' id='word_1_206' title='bbox 237 2392 390 2435; x_wconf 88' lang='lat' dir='ltr'><strong>literas</strong></span> <span class='ocrx_word' id='word_1_207' title='bbox 413 2392 445 2443; x_wconf 79' lang='lat'><strong>¹²,</strong></span> <span class='ocrx_word' id='word_1_208' title='bbox 470 2406 526 2434; x_wconf 84' lang='lat' dir='ltr'><strong>ex</strong></span> <span class='ocrx_word' id='word_1_209' title='bbox 549 2390 714 2446; x_wconf 91' lang='lat' dir='ltr'><strong>quibus</strong></span> <span class='ocrx_word' id='word_1_210' title='bbox 733 2391 863 2434; x_wconf 91' lang='lat' dir='ltr'><strong>binas</strong></span> <span class='ocrx_word' id='word_1_211' title='bbox 886 2394 938 2434; x_wconf 88' lang='lat' dir='ltr'><strong>P.</strong></span> <span class='ocrx_word' id='word_1_212' title='bbox 965 2393 1022 2436; x_wconf 90' lang='lat' dir='ltr'><strong>V.</strong></span> <span class='ocrx_word' id='word_1_213' title='bbox 1059 2407 1150 2435; x_wconf 91' lang='lat' dir='ltr'><strong>non</strong></span> <span class='ocrx_word' id='word_1_214' title='bbox 1172 2392 1353 2436; x_wconf 90' lang='lat' dir='ltr'><strong>videtur</strong></span> <span class='ocrx_word' id='word_1_215' title='bbox 1382 2391 1623 2448; x_wconf 84' lang='lat' dir='ltr'><strong>recepisse.</strong></span> <span class='ocrx_word' id='word_1_216' title='bbox 1660 2390 1786 2436; x_wconf 79' lang='lat' dir='ltr'><strong>Scri-</strong></span> 
     </span>
     <span class='ocr_line' id='line_1_28' title="bbox 145 2467 1787 2526; baseline -0.002 -14"><span class='ocrx_word' id='word_1_217' title='bbox 145 2470 310 2514; x_wconf 89' lang='lat' dir='ltr'><strong>bebam</strong></span> <span class='ocrx_word' id='word_1_218' title='bbox 331 2467 450 2511; x_wconf 90' lang='lat' dir='ltr'><strong>enim</strong></span> <span class='ocrx_word' id='word_1_219' title='bbox 473 2481 577 2511; x_wconf 90' lang='lat' dir='ltr'><strong>eum</strong></span> <span class='ocrx_word' id='word_1_220' title='bbox 594 2467 761 2512; x_wconf 88' lang='lat' dir='ltr'><strong>dixisse</strong></span> <span class='ocrx_word' id='word_1_221' title='bbox 778 2482 962 2511; x_wconf 88' lang='lat' dir='ltr'><strong>causam</strong></span> <span class='ocrx_word' id='word_1_222' title='bbox 980 2468 1099 2513; x_wconf 91' lang='lat' dir='ltr'><strong>illius</strong></span> <span class='ocrx_word' id='word_1_223' title='bbox 1115 2469 1447 2526; x_wconf 89' lang='lat' dir='ltr'><strong>prohibitionis,</strong></span> <span class='ocrx_word' id='word_1_224' title='bbox 1468 2483 1558 2524; x_wconf 90' lang='lat' dir='ltr'><strong>qua</strong></span> <span class='ocrx_word' id='word_1_225' title='bbox 1574 2467 1787 2512; x_wconf 88' lang='lat' dir='ltr'><strong>videlicet</strong></span> 
     </span>
    </p>
   </div>
   <div class='ocr_carea' id='block_1_8' title="bbox 147 2543 1786 2679">
    <p class='ocr_par' dir='ltr' id='par_1_10' title="bbox 147 2543 1786 2679">
     <span class='ocr_line' id='line_1_29' title="bbox 147 2543 1786 2601; baseline -0.002 -12"><span class='ocrx_word' id='word_1_226' title='bbox 147 2546 242 2589; x_wconf 86' lang='lat' dir='ltr'><strong>suis</strong></span> <span class='ocrx_word' id='word_1_227' title='bbox 264 2544 534 2588; x_wconf 89' lang='lat' dir='ltr'><strong>monialibus</strong></span> <span class='ocrx_word' id='word_1_228' title='bbox 555 2543 768 2599; x_wconf 89' lang='lat' dir='ltr'><strong>injunxit,</strong></span> <span class='ocrx_word' id='word_1_229' title='bbox 787 2559 846 2588; x_wconf 88' lang='lat' dir='ltr'><strong>ne</strong></span> <span class='ocrx_word' id='word_1_230' title='bbox 862 2545 996 2588; x_wconf 89' lang='lat' dir='ltr'><strong>alicui</strong></span> <span class='ocrx_word' id='word_1_231' title='bbox 1012 2546 1069 2589; x_wconf 92' lang='lat' dir='ltr'><strong>de</strong></span> <span class='ocrx_word' id='word_1_232' title='bbox 1090 2546 1319 2591; x_wconf 88' lang='lat' dir='ltr'><strong>Societate</strong></span> <span class='ocrx_word' id='word_1_233' title='bbox 1335 2547 1646 2601; x_wconf 89' lang='lat' dir='ltr'><strong>loquerentur,</strong></span> <span class='ocrx_word' id='word_1_234' title='bbox 1665 2545 1786 2586; x_wconf 85' lang='lat' dir='ltr'><strong>hanc</strong></span> 
     </span>
     <span class='ocr_line' id='line_1_30' title="bbox 148 2620 1785 2679; baseline -0.001 -14"><span class='ocrx_word' id='word_1_235' title='bbox 148 2621 319 2665; x_wconf 92' lang='lat' dir='ltr'><strong>addidit</strong></span> <span class='ocrx_word' id='word_1_236' title='bbox 341 2635 539 2673; x_wconf 86' lang='lat' dir='ltr'><strong>causam,</strong></span> <span class='ocrx_word' id='word_1_237' title='bbox 566 2620 687 2675; x_wconf 91' lang='lat' dir='ltr'><strong>quod</strong></span> <span class='ocrx_word' id='word_1_238' title='bbox 709 2620 913 2665; x_wconf 85' lang='lat' dir='ltr'><strong>Societas</strong></span> <span class='ocrx_word' id='word_1_239' title='bbox 935 2636 1120 2666; x_wconf 89' lang='lat' dir='ltr'><strong>romana</strong></span> <span class='ocrx_word' id='word_1_240' title='bbox 1140 2622 1385 2666; x_wconf 87' lang='lat' dir='ltr'><strong>solicitauit</strong></span> <span class='ocrx_word' id='word_1_241' title='bbox 1412 2623 1534 2679; x_wconf 89' lang='lat' dir='ltr'><strong>apud</strong></span> <span class='ocrx_word' id='word_1_242' title='bbox 1557 2622 1677 2666; x_wconf 82' lang='lat' dir='ltr'><strong>S.11111</strong></span> <span class='ocrx_word' id='word_1_243' title='bbox 1701 2621 1785 2663; x_wconf 89' lang='lat' dir='ltr'><strong>do-</strong></span> 
     </span>
    </p>
   </div>
   <div class='ocr_carea' id='block_1_9' title="bbox 149 2727 413 2734">
    <p class='ocr_par' dir='ltr' id='par_1_11' title="bbox 149 2727 413 2734">
     <span class='ocr_line' id='line_1_31' title="bbox 149 2727 413 2734; baseline 0 698"><span class='ocrx_word' id='word_1_244' title='bbox 149 2727 413 2734; x_wconf 95' lang='lat' dir='ltr'><strong> </strong></span> 
     </span>
    </p>
   </div>
   <div class='ocr_carea' id='block_1_10' title="bbox 147 2778 1787 3062">
    <p class='ocr_par' dir='ltr' id='par_1_12' title="bbox 220 2778 1448 2828">
     <span class='ocr_line' id='line_1_32' title="bbox 220 2778 1448 2828; baseline 0.002 -12"><span class='ocrx_word' id='word_1_245' title='bbox 220 2784 231 2804; x_wconf 88' lang='lat'>¹</span> <span class='ocrx_word' id='word_1_246' title='bbox 281 2781 340 2816; x_wconf 86' lang='lat' dir='ltr'><strong>Ex</strong></span> <span class='ocrx_word' id='word_1_247' title='bbox 358 2779 598 2826; x_wconf 87' lang='lat' dir='ltr'><strong>autographo</strong></span> <span class='ocrx_word' id='word_1_248' title='bbox 615 2778 655 2814; x_wconf 91' lang='lat' dir='ltr'><strong>in</strong></span> <span class='ocrx_word' id='word_1_249' title='bbox 673 2780 750 2815; x_wconf 92' lang='lat' dir='ltr'><strong>vol.</strong></span> <span class='ocrx_word' id='word_1_250' title='bbox 770 2780 815 2823; x_wconf 90' lang='lat' dir='ltr'><strong>F,</strong></span> <span class='ocrx_word' id='word_1_251' title='bbox 834 2779 950 2815; x_wconf 89' lang='lat' dir='ltr'><strong>unico</strong></span> <span class='ocrx_word' id='word_1_252' title='bbox 963 2780 1071 2826; x_wconf 83' lang='lat' dir='ltr'><strong>folio,</strong></span> <span class='ocrx_word' id='word_1_253' title='bbox 1090 2793 1132 2817; x_wconf 91' lang='lat' dir='ltr'><strong>n.</strong></span> <span class='ocrx_word' id='word_1_254' title='bbox 1157 2790 1217 2827; x_wconf 89' lang='lat'><strong>54,</strong></span> <span class='ocrx_word' id='word_1_255' title='bbox 1237 2781 1343 2828; x_wconf 90' lang='lat' dir='ltr'><strong>prius</strong></span> <span class='ocrx_word' id='word_1_256' title='bbox 1361 2780 1448 2826; x_wconf 88' lang='lat'><strong>256.</strong></span> 
     </span>
    </p>

    <p class='ocr_par' dir='ltr' id='par_1_13' title="bbox 147 2837 1787 2947">
     <span class='ocr_line' id='line_1_33' title="bbox 216 2837 1787 2887; baseline 0 -13"><span class='ocrx_word' id='word_1_257' title='bbox 216 2843 230 2862; x_wconf 58' lang='grc' dir='ltr'>Ξ</span> <span class='ocrx_word' id='word_1_258' title='bbox 281 2838 500 2875; x_wconf 89' lang='lat' dir='ltr'><strong>Bernardus</strong></span> <span class='ocrx_word' id='word_1_259' title='bbox 531 2837 745 2882; x_wconf 90' lang='lat' dir='ltr'><strong>Oliverius,</strong></span> <span class='ocrx_word' id='word_1_260' title='bbox 775 2837 824 2872; x_wconf 90' lang='lat' dir='ltr'><strong>de</strong></span> <span class='ocrx_word' id='word_1_261' title='bbox 854 2849 932 2885; x_wconf 93' lang='lat' dir='ltr'><strong>quo</strong></span> <span class='ocrx_word' id='word_1_262' title='bbox 961 2838 1052 2874; x_wconf 87' lang='lat' dir='ltr'><strong>vide</strong></span> <span class='ocrx_word' id='word_1_263' title='bbox 1090 2839 1237 2875; x_wconf 82' lang='lat' dir='ltr'><strong>Cartas</strong></span> <span class='ocrx_word' id='word_1_264' title='bbox 1265 2841 1313 2876; x_wconf 85' lang='lat' dir='ltr'><strong>de</strong></span> <span class='ocrx_word' id='word_1_265' title='bbox 1344 2841 1428 2876; x_wconf 84' lang='lat' dir='ltr'><strong>San</strong></span> <span class='ocrx_word' id='word_1_266' title='bbox 1458 2839 1642 2887; x_wconf 82' lang='lat' dir='ltr'><strong>Ignacio,</strong></span> <span class='ocrx_word' id='word_1_267' title='bbox 1674 2843 1707 2874; x_wconf 87' lang='lat' dir='ltr'><strong>t.</strong></span> <span class='ocrx_word' id='word_1_268' title='bbox 1743 2847 1787 2884; x_wconf 82' lang='lat' dir='ltr'><strong>v,</strong></span> 
     </span>
     <span class='ocr_line' id='line_1_34' title="bbox 147 2895 448 2947; baseline -0.007 -12"><span class='ocrx_word' id='word_1_269' title='bbox 147 2910 239 2947; x_wconf 85' lang='lat' dir='ltr'><strong>pag.</strong></span> <span class='ocrx_word' id='word_1_270' title='bbox 261 2906 346 2944; x_wconf 87' lang='lat'><strong>241,</strong></span> <span class='ocrx_word' id='word_1_271' title='bbox 366 2895 448 2941; x_wconf 88' lang='lat'><strong>243.</strong></span> 
     </span>
    </p>

    <p class='ocr_par' dir='ltr' id='par_1_14' title="bbox 216 2955 1380 3002">
     <span class='ocr_line' id='line_1_35' title="bbox 216 2955 1380 3002; baseline -0.001 -9"><span class='ocrx_word' id='word_1_272' title='bbox 216 2959 230 2980; x_wconf 76' lang='lat'><strong>³</strong></span> <span class='ocrx_word' id='word_1_273' title='bbox 281 2956 447 2993; x_wconf 83' lang='lat' dir='ltr'><strong>Alexius</strong></span> <span class='ocrx_word' id='word_1_274' title='bbox 466 2956 655 3001; x_wconf 87' lang='lat' dir='ltr'><strong>Fontana,</strong></span> <span class='ocrx_word' id='word_1_275' title='bbox 675 2955 814 2992; x_wconf 90' lang='lat' dir='ltr'><strong>Carolo</strong></span> <span class='ocrx_word' id='word_1_276' title='bbox 831 2955 880 2998; x_wconf 93' lang='lat' dir='ltr'><strong>V,</strong></span> <span class='ocrx_word' id='word_1_277' title='bbox 901 2955 1139 3002; x_wconf 90' lang='lat' dir='ltr'><strong>imperatori,</strong></span> <span class='ocrx_word' id='word_1_278' title='bbox 1158 2967 1180 2991; x_wconf 89' lang='lat' dir='ltr'><strong>a</strong></span> <span class='ocrx_word' id='word_1_279' title='bbox 1197 2956 1380 2992; x_wconf 87' lang='lat' dir='ltr'><strong>seeretis.</strong></span> 
     </span>
    </p>

    <p class='ocr_par' dir='ltr' id='par_1_15' title="bbox 216 3013 1000 3062">
     <span class='ocr_line' id='line_1_36' title="bbox 216 3013 1000 3062; baseline -0.004 -10"><span class='ocrx_word' id='word_1_280' title='bbox 216 3019 232 3040; x_wconf 83' lang='lat'><strong>⁴</strong></span> <span class='ocrx_word' id='word_1_281' title='bbox 281 3016 381 3052; x_wconf 90' lang='lat' dir='ltr'><strong>Vide</strong></span> <span class='ocrx_word' id='word_1_282' title='bbox 400 3027 530 3062; x_wconf 89' lang='lat' dir='ltr'><strong>supra,</strong></span> <span class='ocrx_word' id='word_1_283' title='bbox 550 3014 668 3061; x_wconf 91' lang='lat' dir='ltr'><strong>epist.</strong></span> <span class='ocrx_word' id='word_1_284' title='bbox 693 3013 777 3060; x_wconf 91' lang='lat'><strong>976,</strong></span> <span class='ocrx_word' id='word_1_285' title='bbox 798 3025 892 3061; x_wconf 87' lang='lat' dir='ltr'><strong>pag.</strong></span> <span class='ocrx_word' id='word_1_286' title='bbox 916 3013 1000 3060; x_wconf 88' lang='lat'><strong>697.</strong></span> 
     </span>
    </p>
   </div>
   <div class='ocr_carea' id='block_1_11' title="bbox 322 3079 1564 3115">
    <p class='ocr_par' dir='ltr' id='par_1_16' title="bbox 322 3079 1564 3115">
     <span class='ocr_line' id='line_1_37' title="bbox 322 3079 1564 3115; baseline -0.002 -5"><span class='ocrx_word' id='word_1_287' title='bbox 322 3081 516 3110; x_wconf 60' lang='lat' dir='ltr'><strong>Emsromn</strong></span> <span class='ocrx_word' id='word_1_288' title='bbox 535 3079 681 3115; x_wconf 61' lang='grc' dir='ltr'><strong>Μαι-ΑΕ,</strong></span> <span class='ocrx_word' id='word_1_289' title='bbox 706 3086 781 3108; x_wconf 67' lang='lat' dir='ltr'><strong>rou.</strong></span> <span class='ocrx_word' id='word_1_290' title='bbox 803 3086 853 3108; x_wconf 80' lang='lat' dir='ltr'><strong>xv.</strong></span> <span class='ocrx_word' id='word_1_291' title='bbox 1527 3079 1564 3107; x_wconf 80' lang='lat'><strong>50</strong></span> 
     </span>
    </p>
   </div>
  </div>
 </body>
</html>
