<?xml version="1.0" encoding="UTF-8"?>
<!DOCTYPE html PUBLIC "-//W3C//DTD XHTML 1.0 Transitional//EN"
    "http://www.w3.org/TR/xhtml1/DTD/xhtml1-transitional.dtd">
<html xmlns="http://www.w3.org/1999/xhtml" xml:lang="en" lang="en">
 <head>
  <title>
</title>
<meta http-equiv="Content-Type" content="text/html;charset=utf-8" />
  <meta name='ocr-system' content='tesseract 3.04.00' />
  <meta name='ocr-capabilities' content='ocr_page ocr_carea ocr_par ocr_line ocrx_word'/>
</head>
<body>
  <div class='ocr_page' id='page_1' title='image "./epistolaemixtaee04matruoft_0219.png"; bbox 0 0 2034 3476; ppageno 0'>
   <div class='ocr_carea' id='block_1_1' title="bbox 792 256 1708 306">
    <p class='ocr_par' dir='ltr' id='par_1_1' title="bbox 792 256 1708 306">
     <span class='ocr_line' id='line_1_1' title="bbox 792 256 1708 306; baseline 0.002 -14"><span class='ocrx_word' id='word_1_1' title='bbox 792 256 840 292; x_wconf 88' lang='lat'><strong>26</strong></span> <span class='ocrx_word' id='word_1_2' title='bbox 864 257 1087 303; x_wconf 73' lang='lat' dir='ltr'><strong>MAJ1&#39;1554</strong></span> <span class='ocrx_word' id='word_1_3' title='bbox 1524 303 1528 306; x_wconf 26' lang='lat'>¹</span> <span class='ocrx_word' id='word_1_4' title='bbox 1639 258 1708 294; x_wconf 91' lang='lat'><strong>213</strong></span> 
     </span>
    </p>
   </div>
   <div class='ocr_carea' id='block_1_2' title="bbox 61 358 1759 2803">
    <p class='ocr_par' dir='ltr' id='par_1_2' title="bbox 109 358 1759 878">
     <span class='ocr_line' id='line_1_2' title="bbox 109 358 1756 417; baseline 0.001 -15"><span class='ocrx_word' id='word_1_5' title='bbox 109 359 164 403; x_wconf 81' lang='lat' dir='ltr'><strong>in</strong></span> <span class='ocrx_word' id='word_1_6' title='bbox 185 374 289 404; x_wconf 89' lang='lat' dir='ltr'><strong>casa</strong></span> <span class='ocrx_word' id='word_1_7' title='bbox 310 373 436 412; x_wconf 90' lang='lat' dir='ltr'><strong>coco,</strong></span> <span class='ocrx_word' id='word_1_8' title='bbox 462 360 596 416; x_wconf 86' lang='lat' dir='ltr'><strong>quale</strong></span> <span class='ocrx_word' id='word_1_9' title='bbox 617 361 718 417; x_wconf 90' lang='lat' dir='ltr'><strong>pur&#39;</strong></span> <span class='ocrx_word' id='word_1_10' title='bbox 742 373 1012 416; x_wconf 89' lang='lat' dir='ltr'><strong>procuramo</strong></span> <span class='ocrx_word' id='word_1_11' title='bbox 1034 360 1223 414; x_wconf 82' lang='lat' dir='ltr'><strong>hauere3</strong></span> <span class='ocrx_word' id='word_1_12' title='bbox 1255 374 1328 403; x_wconf 91' lang='lat' dir='ltr'><strong>ma</strong></span> <span class='ocrx_word' id='word_1_13' title='bbox 1353 358 1502 403; x_wconf 92' lang='lat' dir='ltr'><strong>insino</strong></span> <span class='ocrx_word' id='word_1_14' title='bbox 1532 361 1643 403; x_wconf 92' lang='lat' dir='ltr'><strong>hora</strong></span> <span class='ocrx_word' id='word_1_15' title='bbox 1665 375 1756 404; x_wconf 92' lang='lat' dir='ltr'><strong>non</strong></span> 
     </span>
     <span class='ocr_line' id='line_1_3' title="bbox 117 435 1759 493; baseline 0.001 -13"><span class='ocrx_word' id='word_1_16' title='bbox 117 436 360 480; x_wconf 90' lang='lat' dir='ltr'><strong>habbiamo</strong></span> <span class='ocrx_word' id='word_1_17' title='bbox 398 438 596 480; x_wconf 82' lang='lat' dir='ltr'>anchora</span> <span class='ocrx_word' id='word_1_18' title='bbox 634 450 849 480; x_wconf 91' lang='lat' dir='ltr'><strong>nessuno.</strong></span> <span class='ocrx_word' id='word_1_19' title='bbox 892 435 980 480; x_wconf 93' lang='lat' dir='ltr'><strong>Lui</strong></span> <span class='ocrx_word' id='word_1_20' title='bbox 1016 442 1086 480; x_wconf 89' lang='lat' dir='ltr'><strong>sta</strong></span> <span class='ocrx_word' id='word_1_21' title='bbox 1122 436 1239 480; x_wconf 89' lang='lat' dir='ltr'><strong>assai</strong></span> <span class='ocrx_word' id='word_1_22' title='bbox 1275 437 1394 481; x_wconf 88' lang='lat' dir='ltr'><strong>bene</strong></span> <span class='ocrx_word' id='word_1_23' title='bbox 1431 437 1504 480; x_wconf 89' lang='lat' dir='ltr'><strong>del</strong></span> <span class='ocrx_word' id='word_1_24' title='bbox 1540 450 1676 493; x_wconf 91' lang='lat' dir='ltr'><strong>corpo</strong></span> <span class='ocrx_word' id='word_1_25' title='bbox 1712 445 1759 481; x_wconf 91' lang='lat' dir='ltr'><strong>et</strong></span> 
     </span>
     <span class='ocr_line' id='line_1_4' title="bbox 114 512 1759 571; baseline 0 -14"><span class='ocrx_word' id='word_1_26' title='bbox 114 514 226 559; x_wconf 87' lang='lat' dir='ltr'><strong>dell’</strong></span> <span class='ocrx_word' id='word_1_27' title='bbox 252 513 417 567; x_wconf 89' lang='lat' dir='ltr'><strong>anima,</strong></span> <span class='ocrx_word' id='word_1_28' title='bbox 444 520 490 558; x_wconf 87' lang='lat' dir='ltr'><strong>et</strong></span> <span class='ocrx_word' id='word_1_29' title='bbox 511 513 552 557; x_wconf 94' lang='lat' dir='ltr'><strong>ci</strong></span> <span class='ocrx_word' id='word_1_30' title='bbox 574 515 632 557; x_wconf 90' lang='lat' dir='ltr'><strong>da</strong></span> <span class='ocrx_word' id='word_1_31' title='bbox 653 514 800 571; x_wconf 84' lang='lat' dir='ltr'>grand</span> <span class='ocrx_word' id='word_1_32' title='bbox 821 512 1044 570; x_wconf 91' lang='lat' dir='ltr'><strong>essempio</strong></span> <span class='ocrx_word' id='word_1_33' title='bbox 1067 529 1094 558; x_wconf 90' lang='lat' dir='ltr'><strong>a</strong></span> <span class='ocrx_word' id='word_1_34' title='bbox 1111 512 1234 556; x_wconf 90' lang='lat' dir='ltr'><strong>tutti.</strong></span> <span class='ocrx_word' id='word_1_35' title='bbox 1255 513 1342 557; x_wconf 95' lang='lat' dir='ltr'><strong>Lui</strong></span> <span class='ocrx_word' id='word_1_36' title='bbox 1363 514 1389 557; x_wconf 82' lang='grc'>6</span> <span class='ocrx_word' id='word_1_37' title='bbox 1410 513 1527 558; x_wconf 88' lang='lat' dir='ltr'><strong>assai</strong></span> <span class='ocrx_word' id='word_1_38' title='bbox 1547 521 1759 571; x_wconf 89' lang='lat' dir='ltr'><strong>prouetto</strong></span> 
     </span>
     <span class='ocr_line' id='line_1_5' title="bbox 119 589 1759 647; baseline 0.001 -13"><span class='ocrx_word' id='word_1_39' title='bbox 119 591 240 636; x_wconf 91' lang='lat' dir='ltr'><strong>nelle</strong></span> <span class='ocrx_word' id='word_1_40' title='bbox 269 591 403 635; x_wconf 86' lang='lat' dir='ltr'><strong>lettre</strong></span> <span class='ocrx_word' id='word_1_41' title='bbox 434 593 649 644; x_wconf 84' lang='lat' dir='ltr'><strong>humane,</strong></span> <span class='ocrx_word' id='word_1_42' title='bbox 680 605 755 634; x_wconf 87' lang='lat' dir='ltr'><strong>ma</strong></span> <span class='ocrx_word' id='word_1_43' title='bbox 783 604 876 634; x_wconf 93' lang='lat' dir='ltr'><strong>non</strong></span> <span class='ocrx_word' id='word_1_44' title='bbox 902 589 941 634; x_wconf 88' lang='lat' dir='ltr'><strong>si</strong></span> <span class='ocrx_word' id='word_1_45' title='bbox 969 604 1019 634; x_wconf 89' lang='lat' dir='ltr'><strong>sa</strong></span> <span class='ocrx_word' id='word_1_46' title='bbox 1048 590 1276 647; x_wconf 86' lang='lat' dir='ltr'><strong>explicare</strong></span> <span class='ocrx_word' id='word_1_47' title='bbox 1310 591 1383 635; x_wconf 91' lang='lat' dir='ltr'><strong>nel</strong></span> <span class='ocrx_word' id='word_1_48' title='bbox 1414 590 1651 647; x_wconf 85' lang='lat' dir='ltr'><strong>proferire.</strong></span> <span class='ocrx_word' id='word_1_49' title='bbox 1684 592 1759 635; x_wconf 89' lang='lat' dir='ltr'><strong>Ha</strong></span> 
     </span>
     <span class='ocr_line' id='line_1_6' title="bbox 113 667 1757 713; baseline 0.001 -2"><span class='ocrx_word' id='word_1_50' title='bbox 113 668 233 713; x_wconf 56' lang='lat' dir='ltr'><strong>‘letto</strong></span> <span class='ocrx_word' id='word_1_51' title='bbox 262 667 412 712; x_wconf 92' lang='lat' dir='ltr'><strong>insino</strong></span> <span class='ocrx_word' id='word_1_52' title='bbox 443 669 555 711; x_wconf 89' lang='lat' dir='ltr'><strong>hora</strong></span> <span class='ocrx_word' id='word_1_53' title='bbox 585 667 615 710; x_wconf 93' lang='lat' dir='ltr'><strong>il</strong></span> <span class='ocrx_word' id='word_1_54' title='bbox 644 668 760 711; x_wconf 93' lang='lat' dir='ltr'><strong>libro</strong></span> <span class='ocrx_word' id='word_1_55' title='bbox 791 668 849 711; x_wconf 91' lang='lat' dir='ltr'><strong>de</strong></span> <span class='ocrx_word' id='word_1_56' title='bbox 879 673 1117 712; x_wconf 83' lang='lat' dir='ltr'><strong>senectute</strong></span> <span class='ocrx_word' id='word_1_57' title='bbox 1147 668 1204 711; x_wconf 92' lang='lat' dir='ltr'><strong>de</strong></span> <span class='ocrx_word' id='word_1_58' title='bbox 1242 667 1464 712; x_wconf 85' lang='lat' dir='ltr'><strong>Cicerone</strong></span> <span class='ocrx_word' id='word_1_59' title='bbox 1501 669 1544 711; x_wconf 88' lang='lat' dir='ltr'><strong>al</strong></span> <span class='ocrx_word' id='word_1_60' title='bbox 1580 669 1757 713; x_wconf 82' lang='lat' dir='ltr'><strong>fratello</strong></span> 
     </span>
     <span class='ocr_line' id='line_1_7' title="bbox 120 744 1757 801; baseline -0.001 -13"><span class='ocrx_word' id='word_1_61' title='bbox 120 745 280 789; x_wconf 92' lang='lat' dir='ltr'><strong>Paulo:</strong></span> <span class='ocrx_word' id='word_1_62' title='bbox 305 744 350 787; x_wconf 92' lang='lat' dir='ltr'><strong>di</strong></span> <span class='ocrx_word' id='word_1_63' title='bbox 373 752 495 788; x_wconf 89' lang='lat' dir='ltr'><strong>resto</strong></span> <span class='ocrx_word' id='word_1_64' title='bbox 517 747 575 788; x_wconf 90' lang='lat' dir='ltr'><strong>ha</strong></span> <span class='ocrx_word' id='word_1_65' title='bbox 597 744 796 788; x_wconf 87' lang='lat' dir='ltr'><strong>studiato</strong></span> <span class='ocrx_word' id='word_1_66' title='bbox 819 746 982 801; x_wconf 89' lang='lat' dir='ltr'><strong>pocho:</strong></span> <span class='ocrx_word' id='word_1_67' title='bbox 1008 745 1034 788; x_wconf 81' lang='lat' dir='ltr'><strong>e</strong></span> <span class='ocrx_word' id='word_1_68' title='bbox 1055 744 1196 787; x_wconf 89' lang='lat' dir='ltr'><strong>molto</strong></span> <span class='ocrx_word' id='word_1_69' title='bbox 1219 744 1373 788; x_wconf 90' lang='lat' dir='ltr'><strong>dedito</strong></span> <span class='ocrx_word' id='word_1_70' title='bbox 1393 745 1467 788; x_wconf 79' lang='lat' dir='ltr'><strong>all’</strong></span> <span class='ocrx_word' id='word_1_71' title='bbox 1486 744 1690 790; x_wconf 86' lang='lat' dir='ltr'><strong>oratione</strong></span> <span class='ocrx_word' id='word_1_72' title='bbox 1711 752 1757 788; x_wconf 87' lang='lat' dir='ltr'><strong>et</strong></span> 
     </span>
     <span class='ocr_line' id='line_1_8' title="bbox 118 821 380 878; baseline 0 -12"><span class='ocrx_word' id='word_1_73' title='bbox 118 821 380 878; x_wconf 87' lang='lat' dir='ltr'><strong>penitentia.</strong></span> 
     </span>
    </p>

    <p class='ocr_par' dir='ltr' id='par_1_3' title="bbox 111 890 1756 1494">
     <span class='ocr_line' id='line_1_9' title="bbox 204 890 1756 955; baseline 0.001 -14"><span class='ocrx_word' id='word_1_74' title='bbox 204 899 239 942; x_wconf 92' lang='lat' dir='ltr'><strong>Il</strong></span> <span class='ocrx_word' id='word_1_75' title='bbox 262 900 439 944; x_wconf 84' lang='lat' dir='ltr'><strong>fratello</strong></span> <span class='ocrx_word' id='word_1_76' title='bbox 462 901 524 943; x_wconf 90' lang='lat' dir='ltr'><strong>M.</strong></span> <span class='ocrx_word' id='word_1_77' title='bbox 552 899 804 942; x_wconf 86' lang='lat' dir='ltr'><strong>Balthasar&#39;</strong></span> <span class='ocrx_word' id='word_1_78' title='bbox 826 899 870 942; x_wconf 87' lang='lat' dir='ltr'><strong>fa</strong></span> <span class='ocrx_word' id='word_1_79' title='bbox 890 899 934 942; x_wconf 91' lang='grc'>13</span> <span class='ocrx_word' id='word_1_80' title='bbox 957 899 1028 954; x_wconf 70' lang='grc'><strong>5.“</strong></span> <span class='ocrx_word' id='word_1_81' title='bbox 1049 899 1211 952; x_wconf 85' lang='lat' dir='ltr'><strong>classe,</strong></span> <span class='ocrx_word' id='word_1_82' title='bbox 1231 898 1329 942; x_wconf 77' lang='lat' dir='ltr'><strong>cioe</strong></span> <span class='ocrx_word' id='word_1_83' title='bbox 1351 898 1396 942; x_wconf 92' lang='lat' dir='ltr'><strong>di</strong></span> <span class='ocrx_word' id='word_1_84' title='bbox 1413 890 1550 955; x_wconf 90' lang='lat' dir='ltr'><strong>quelli</strong></span> <span class='ocrx_word' id='word_1_85' title='bbox 1572 900 1645 942; x_wconf 88' lang='lat' dir='ltr'><strong>ch’</strong></span> <span class='ocrx_word' id='word_1_86' title='bbox 1669 898 1756 942; x_wconf 82' lang='lat' dir='ltr'><strong>im-</strong></span> 
     </span>
     <span class='ocr_line' id='line_1_10' title="bbox 113 975 1756 1032; baseline 0.001 -14"><span class='ocrx_word' id='word_1_87' title='bbox 113 990 285 1032; x_wconf 91' lang='lat' dir='ltr'><strong>parano</strong></span> <span class='ocrx_word' id='word_1_88' title='bbox 301 975 332 1018; x_wconf 92' lang='grc'><strong>11</strong></span> <span class='ocrx_word' id='word_1_89' title='bbox 348 978 529 1020; x_wconf 90' lang='lat' dir='ltr'><strong>Donato</strong></span> <span class='ocrx_word' id='word_1_90' title='bbox 547 991 572 1019; x_wconf 92' lang='lat' dir='ltr'><strong>a</strong></span> <span class='ocrx_word' id='word_1_91' title='bbox 589 976 758 1019; x_wconf 89' lang='lat' dir='ltr'><strong>veduta</strong></span> <span class='ocrx_word' id='word_1_92' title='bbox 781 990 808 1018; x_wconf 97' lang='lat' dir='ltr'><strong>o</strong></span> <span class='ocrx_word' id='word_1_93' title='bbox 831 990 858 1019; x_wconf 92' lang='lat' dir='ltr'><strong>a</strong></span> <span class='ocrx_word' id='word_1_94' title='bbox 874 981 1043 1020; x_wconf 90' lang='lat' dir='ltr'><strong>mente.</strong></span> <span class='ocrx_word' id='word_1_95' title='bbox 1069 975 1156 1019; x_wconf 93' lang='lat' dir='ltr'><strong>Lui</strong></span> <span class='ocrx_word' id='word_1_96' title='bbox 1179 975 1217 1019; x_wconf 91' lang='lat' dir='ltr'><strong>si</strong></span> <span class='ocrx_word' id='word_1_97' title='bbox 1239 976 1374 1020; x_wconf 92' lang='lat' dir='ltr'><strong>duole</strong></span> <span class='ocrx_word' id='word_1_98' title='bbox 1395 990 1567 1032; x_wconf 88' lang='lat' dir='ltr'><strong>spesso,</strong></span> <span class='ocrx_word' id='word_1_99' title='bbox 1594 991 1622 1020; x_wconf 96' lang='grc'>0</span> <span class='ocrx_word' id='word_1_100' title='bbox 1644 990 1756 1021; x_wconf 89' lang='lat' dir='ltr'><strong>uero</strong></span> 
     </span>
     <span class='ocr_line' id='line_1_11' title="bbox 112 1052 1752 1109; baseline 0.001 -14"><span class='ocrx_word' id='word_1_101' title='bbox 112 1053 236 1096; x_wconf 88' lang='lat' dir='ltr'><strong>dello</strong></span> <span class='ocrx_word' id='word_1_102' title='bbox 257 1054 506 1105; x_wconf 89' lang='lat' dir='ltr'><strong>stomacho,</strong></span> <span class='ocrx_word' id='word_1_103' title='bbox 526 1067 554 1096; x_wconf 95' lang='grc'>0</span> <span class='ocrx_word' id='word_1_104' title='bbox 576 1053 694 1096; x_wconf 84' lang='grc'>(16113</span> <span class='ocrx_word' id='word_1_105' title='bbox 710 1053 892 1109; x_wconf 85' lang='lat' dir='ltr'><strong>gamba:</strong></span> <span class='ocrx_word' id='word_1_106' title='bbox 913 1053 939 1096; x_wconf 80' lang='lat' dir='ltr'><strong>e</strong></span> <span class='ocrx_word' id='word_1_107' title='bbox 956 1053 1095 1096; x_wconf 89' lang='lat' dir='ltr'><strong>molto</strong></span> <span class='ocrx_word' id='word_1_108' title='bbox 1112 1052 1312 1106; x_wconf 90' lang='lat' dir='ltr'><strong>stiticho,</strong></span> <span class='ocrx_word' id='word_1_109' title='bbox 1330 1053 1554 1109; x_wconf 86' lang='lat' dir='ltr'><strong>passando</strong></span> <span class='ocrx_word' id='word_1_110' title='bbox 1572 1053 1752 1109; x_wconf 91' lang='lat' dir='ltr'><strong>qualch’</strong></span> 
     </span>
     <span class='ocr_line' id='line_1_12' title="bbox 118 1129 1755 1187; baseline 0.001 -14"><span class='ocrx_word' id='word_1_111' title='bbox 118 1130 243 1173; x_wconf 90' lang='lat' dir='ltr'><strong>uolta</strong></span> <span class='ocrx_word' id='word_1_112' title='bbox 263 1131 291 1173; x_wconf 89' lang='lat'>6</span> <span class='ocrx_word' id='word_1_113' title='bbox 314 1145 340 1174; x_wconf 96' lang='lat' dir='ltr'><strong>o</strong></span> <span class='ocrx_word' id='word_1_114' title='bbox 364 1141 390 1184; x_wconf 94' lang='lat'><strong><em>7</em></strong></span> <span class='ocrx_word' id='word_1_115' title='bbox 412 1130 459 1173; x_wconf 88' lang='lat' dir='ltr'><strong>di</strong></span> <span class='ocrx_word' id='word_1_116' title='bbox 479 1144 616 1174; x_wconf 90' lang='lat' dir='ltr'><strong>senza</strong></span> <span class='ocrx_word' id='word_1_117' title='bbox 636 1131 793 1174; x_wconf 89' lang='lat' dir='ltr'><strong>hauer&#39;</strong></span> <span class='ocrx_word' id='word_1_118' title='bbox 823 1129 1049 1174; x_wconf 88' lang='lat' dir='ltr'><strong>beneficio</strong></span> <span class='ocrx_word' id='word_1_119' title='bbox 1071 1130 1145 1172; x_wconf 92' lang='lat' dir='ltr'><strong>del</strong></span> <span class='ocrx_word' id='word_1_120' title='bbox 1166 1143 1322 1186; x_wconf 89' lang='lat' dir='ltr'><strong>corpo:</strong></span> <span class='ocrx_word' id='word_1_121' title='bbox 1347 1130 1452 1173; x_wconf 88' lang='lat' dir='ltr'><strong>dell&#39;</strong></span> <span class='ocrx_word' id='word_1_122' title='bbox 1477 1130 1626 1173; x_wconf 91' lang='lat' dir='ltr'><strong>anima</strong></span> <span class='ocrx_word' id='word_1_123' title='bbox 1646 1144 1755 1187; x_wconf 91' lang='lat' dir='ltr'><strong>pare</strong></span> 
     </span>
     <span class='ocr_line' id='line_1_13' title="bbox 112 1206 1755 1264; baseline -0.001 -13"><span class='ocrx_word' id='word_1_124' title='bbox 112 1208 228 1251; x_wconf 62' lang='lat' dir='ltr'><strong>sta?</strong></span> <span class='ocrx_word' id='word_1_125' title='bbox 250 1208 382 1251; x_wconf 88' lang='lat' dir='ltr'><strong>bene.</strong></span> <span class='ocrx_word' id='word_1_126' title='bbox 409 1209 515 1251; x_wconf 92' lang='lat' dir='ltr'><strong>Non</strong></span> <span class='ocrx_word' id='word_1_127' title='bbox 542 1209 602 1251; x_wconf 92' lang='lat' dir='ltr'><strong>ha</strong></span> <span class='ocrx_word' id='word_1_128' title='bbox 630 1206 759 1263; x_wconf 92' lang='lat' dir='ltr'><strong>quasi</strong></span> <span class='ocrx_word' id='word_1_129' title='bbox 786 1221 989 1251; x_wconf 88' lang='lat' dir='ltr'><strong>nessuno</strong></span> <span class='ocrx_word' id='word_1_130' title='bbox 1020 1206 1240 1264; x_wconf 89' lang='lat' dir='ltr'><strong>principio</strong></span> <span class='ocrx_word' id='word_1_131' title='bbox 1266 1206 1312 1250; x_wconf 92' lang='lat' dir='ltr'><strong>di</strong></span> <span class='ocrx_word' id='word_1_132' title='bbox 1334 1207 1676 1264; x_wconf 77' lang='lat' dir='ltr'><strong>grammaficha,</strong></span> <span class='ocrx_word' id='word_1_133' title='bbox 1708 1214 1755 1251; x_wconf 90' lang='lat' dir='ltr'><strong>et</strong></span> 
     </span>
     <span class='ocr_line' id='line_1_14' title="bbox 112 1283 1753 1341; baseline 0.001 -14"><span class='ocrx_word' id='word_1_134' title='bbox 112 1284 297 1340; x_wconf 37' lang='lat' dir='ltr'><strong>*qualch’</strong></span> <span class='ocrx_word' id='word_1_135' title='bbox 324 1285 446 1328; x_wconf 90' lang='lat' dir='ltr'><strong>uolta</strong></span> <span class='ocrx_word' id='word_1_136' title='bbox 467 1299 493 1327; x_wconf 90' lang='lat' dir='ltr'><strong>a</strong></span> <span class='ocrx_word' id='word_1_137' title='bbox 516 1283 683 1327; x_wconf 82' lang='lat' dir='ltr'><strong>fatieha</strong></span> <span class='ocrx_word' id='word_1_138' title='bbox 706 1298 754 1327; x_wconf 91' lang='lat' dir='ltr'><strong>sa</strong></span> <span class='ocrx_word' id='word_1_139' title='bbox 776 1284 980 1341; x_wconf 83' lang='lat' dir='ltr'><strong>leggere.</strong></span> <span class='ocrx_word' id='word_1_140' title='bbox 1007 1283 1094 1327; x_wconf 92' lang='lat' dir='ltr'><strong>Lui</strong></span> <span class='ocrx_word' id='word_1_141' title='bbox 1116 1290 1163 1327; x_wconf 88' lang='lat' dir='ltr'><strong>et</strong></span> <span class='ocrx_word' id='word_1_142' title='bbox 1185 1284 1291 1326; x_wconf 91' lang='lat' dir='ltr'><strong>tutti</strong></span> <span class='ocrx_word' id='word_1_143' title='bbox 1312 1283 1376 1341; x_wconf 86' lang='lat' dir='ltr'><strong>gli</strong></span> <span class='ocrx_word' id='word_1_144' title='bbox 1397 1283 1580 1329; x_wconf 88' lang='lat' dir='ltr'><strong>maestri</strong></span> <span class='ocrx_word' id='word_1_145' title='bbox 1600 1286 1753 1328; x_wconf 90' lang='lat' dir='ltr'><strong>hanno</strong></span> 
     </span>
     <span class='ocr_line' id='line_1_15' title="bbox 112 1360 1752 1418; baseline 0 -14"><span class='ocrx_word' id='word_1_146' title='bbox 112 1362 264 1418; x_wconf 91' lang='lat' dir='ltr'><strong>pocho</strong></span> <span class='ocrx_word' id='word_1_147' title='bbox 287 1368 439 1417; x_wconf 87' lang='lat' dir='ltr'><strong>tempo</strong></span> <span class='ocrx_word' id='word_1_148' title='bbox 461 1362 507 1404; x_wconf 91' lang='lat' dir='ltr'><strong>di</strong></span> <span class='ocrx_word' id='word_1_149' title='bbox 529 1360 746 1416; x_wconf 84' lang='lat' dir='ltr'><strong>studiare3</strong></span> <span class='ocrx_word' id='word_1_150' title='bbox 778 1360 817 1403; x_wconf 91' lang='lat' dir='ltr'><strong>si</strong></span> <span class='ocrx_word' id='word_1_151' title='bbox 839 1362 912 1404; x_wconf 85' lang='lat' dir='ltr'><strong>ch&#39;</strong></span> <span class='ocrx_word' id='word_1_152' title='bbox 936 1375 1019 1417; x_wconf 91' lang='lat' dir='ltr'><strong>per</strong></span> <span class='ocrx_word' id='word_1_153' title='bbox 1043 1361 1143 1405; x_wconf 91' lang='lat' dir='ltr'><strong>loro</strong></span> <span class='ocrx_word' id='word_1_154' title='bbox 1165 1360 1376 1404; x_wconf 87' lang='lat' dir='ltr'><strong>studiano</strong></span> <span class='ocrx_word' id='word_1_155' title='bbox 1402 1362 1565 1418; x_wconf 92' lang='lat' dir='ltr'><strong>pocho‚</strong></span> <span class='ocrx_word' id='word_1_156' title='bbox 1590 1376 1639 1405; x_wconf 93' lang='lat' dir='ltr'><strong>se</strong></span> <span class='ocrx_word' id='word_1_157' title='bbox 1660 1376 1752 1404; x_wconf 93' lang='lat' dir='ltr'><strong>non</strong></span> 
     </span>
     <span class='ocr_line' id='line_1_16' title="bbox 111 1429 1022 1494; baseline 0 -14"><span class='ocrx_word' id='word_1_158' title='bbox 111 1437 148 1480; x_wconf 87' lang='lat' dir='ltr'><strong>il</strong></span> <span class='ocrx_word' id='word_1_159' title='bbox 170 1438 346 1482; x_wconf 89' lang='lat' dir='ltr'><strong>fratello</strong></span> <span class='ocrx_word' id='word_1_160' title='bbox 369 1429 530 1490; x_wconf 81' lang='lat' dir='ltr'><strong>Paulo,</strong></span> <span class='ocrx_word' id='word_1_161' title='bbox 556 1439 628 1481; x_wconf 90' lang='lat' dir='ltr'><strong>ch’</strong></span> <span class='ocrx_word' id='word_1_162' title='bbox 653 1438 679 1481; x_wconf 78' lang='lat' dir='ltr'><strong>e</strong></span> <span class='ocrx_word' id='word_1_163' title='bbox 701 1437 779 1494; x_wconf 78' lang='lat' dir='ltr'><strong>piu</strong></span> <span class='ocrx_word' id='word_1_164' title='bbox 801 1436 1022 1481; x_wconf 89' lang='lat' dir='ltr'><strong>sollecito.</strong></span> 
     </span>
    </p>

    <p class='ocr_par' dir='ltr' id='par_1_4' title="bbox 107 1514 1752 1726">
     <span class='ocr_line' id='line_1_17' title="bbox 203 1514 1751 1571; baseline 0 -13"><span class='ocrx_word' id='word_1_165' title='bbox 203 1516 239 1558; x_wconf 96' lang='lat' dir='ltr'><strong>Il</strong></span> <span class='ocrx_word' id='word_1_166' title='bbox 261 1515 437 1559; x_wconf 88' lang='lat' dir='ltr'><strong>fratello</strong></span> <span class='ocrx_word' id='word_1_167' title='bbox 457 1514 708 1567; x_wconf 88' lang='lat' dir='ltr'><strong>Ludouico,</strong></span> <span class='ocrx_word' id='word_1_168' title='bbox 735 1515 971 1567; x_wconf 90' lang='lat' dir='ltr'><strong>ferrarese,</strong></span> <span class='ocrx_word' id='word_1_169' title='bbox 993 1515 1037 1558; x_wconf 87' lang='lat' dir='ltr'><strong>fa</strong></span> <span class='ocrx_word' id='word_1_170' title='bbox 1058 1515 1102 1558; x_wconf 94' lang='grc'>13</span> <span class='ocrx_word' id='word_1_171' title='bbox 1123 1514 1336 1571; x_wconf 88' lang='lat' dir='ltr'><strong>dispensa</strong></span> <span class='ocrx_word' id='word_1_172' title='bbox 1352 1521 1398 1558; x_wconf 92' lang='lat' dir='ltr'><strong>et</strong></span> <span class='ocrx_word' id='word_1_173' title='bbox 1420 1529 1619 1571; x_wconf 88' lang='lat' dir='ltr'><strong>compra:</strong></span> <span class='ocrx_word' id='word_1_174' title='bbox 1645 1515 1709 1557; x_wconf 93' lang='lat' dir='ltr'><strong>lui</strong></span> <span class='ocrx_word' id='word_1_175' title='bbox 1726 1516 1751 1558; x_wconf 77' lang='lat' dir='ltr'><strong>e</strong></span> 
     </span>
     <span class='ocr_line' id='line_1_18' title="bbox 107 1591 1752 1648; baseline -0.001 -13"><span class='ocrx_word' id='word_1_176' title='bbox 107 1592 171 1637; x_wconf 87' lang='lat' dir='ltr'><strong>de</strong></span> <span class='ocrx_word' id='word_1_177' title='bbox 190 1591 340 1636; x_wconf 87' lang='lat' dir='ltr'><strong>debile</strong></span> <span class='ocrx_word' id='word_1_178' title='bbox 360 1591 703 1648; x_wconf 89' lang='lat' dir='ltr'><strong>complessione.</strong></span> <span class='ocrx_word' id='word_1_179' title='bbox 721 1592 855 1636; x_wconf 93' lang='lat' dir='ltr'><strong>Dello</strong></span> <span class='ocrx_word' id='word_1_180' title='bbox 871 1591 1031 1648; x_wconf 90' lang='lat' dir='ltr'><strong>spirito</strong></span> <span class='ocrx_word' id='word_1_181' title='bbox 1052 1591 1117 1634; x_wconf 92' lang='lat' dir='ltr'><strong>lui</strong></span> <span class='ocrx_word' id='word_1_182' title='bbox 1134 1592 1160 1635; x_wconf 80' lang='grc'>6</span> <span class='ocrx_word' id='word_1_183' title='bbox 1175 1592 1345 1644; x_wconf 91' lang='lat' dir='ltr'><strong>buono,</strong></span> <span class='ocrx_word' id='word_1_184' title='bbox 1370 1598 1416 1635; x_wconf 90' lang='lat' dir='ltr'><strong>et</strong></span> <span class='ocrx_word' id='word_1_185' title='bbox 1438 1592 1577 1635; x_wconf 86' lang='lat' dir='ltr'><strong>molto</strong></span> <span class='ocrx_word' id='word_1_186' title='bbox 1598 1591 1752 1636; x_wconf 87' lang='lat' dir='ltr'><strong>dedito</strong></span> 
     </span>
     <span class='ocr_line' id='line_1_19' title="bbox 108 1667 1332 1726; baseline 0 -13"><span class='ocrx_word' id='word_1_187' title='bbox 108 1667 202 1713; x_wconf 90' lang='grc'>-3113</span> <span class='ocrx_word' id='word_1_188' title='bbox 222 1669 441 1714; x_wconf 90' lang='lat' dir='ltr'><strong>oratione:</strong></span> <span class='ocrx_word' id='word_1_189' title='bbox 467 1683 517 1712; x_wconf 87' lang='lat' dir='ltr'><strong>sa</strong></span> <span class='ocrx_word' id='word_1_190' title='bbox 537 1669 741 1726; x_wconf 81' lang='lat' dir='ltr'><strong>leggere,</strong></span> <span class='ocrx_word' id='word_1_191' title='bbox 766 1684 841 1712; x_wconf 89' lang='lat' dir='ltr'><strong>ma</strong></span> <span class='ocrx_word' id='word_1_192' title='bbox 861 1683 953 1712; x_wconf 92' lang='lat' dir='ltr'><strong>non</strong></span> <span class='ocrx_word' id='word_1_193' title='bbox 969 1668 1141 1726; x_wconf 89' lang='lat' dir='ltr'><strong>impara</strong></span> <span class='ocrx_word' id='word_1_194' title='bbox 1162 1668 1332 1713; x_wconf 88' lang='lat' dir='ltr'><strong>niente.</strong></span> 
     </span>
    </p>

    <p class='ocr_par' dir='ltr' id='par_1_5' title="bbox 61 1745 1753 2496">
     <span class='ocr_line' id='line_1_20' title="bbox 205 1745 1753 1802; baseline -0.001 -13"><span class='ocrx_word' id='word_1_195' title='bbox 205 1747 254 1790; x_wconf 92' lang='lat' dir='ltr'><strong>Io</strong></span> <span class='ocrx_word' id='word_1_196' title='bbox 286 1745 347 1788; x_wconf 91' lang='lat' dir='ltr'><strong>mi</strong></span> <span class='ocrx_word' id='word_1_197' title='bbox 379 1760 554 1802; x_wconf 92' lang='lat' dir='ltr'><strong>occupo</strong></span> <span class='ocrx_word' id='word_1_198' title='bbox 586 1745 635 1788; x_wconf 89' lang='lat' dir='ltr'><strong>in</strong></span> <span class='ocrx_word' id='word_1_199' title='bbox 670 1745 871 1791; x_wconf 84' lang='lat' dir='ltr'><strong>studiare</strong></span> <span class='ocrx_word' id='word_1_200' title='bbox 907 1746 950 1791; x_wconf 92' lang='lat' dir='ltr'><strong>le</strong></span> <span class='ocrx_word' id='word_1_201' title='bbox 985 1745 1161 1789; x_wconf 88' lang='lat' dir='ltr'><strong>lettioni</strong></span> <span class='ocrx_word' id='word_1_202' title='bbox 1198 1745 1301 1789; x_wconf 91' lang='lat' dir='ltr'><strong>chio</strong></span> <span class='ocrx_word' id='word_1_203' title='bbox 1338 1746 1383 1789; x_wconf 91' lang='lat' dir='ltr'><strong>fo</strong></span> <span class='ocrx_word' id='word_1_204' title='bbox 1413 1746 1456 1789; x_wconf 93' lang='lat' dir='ltr'><strong>le</strong></span> <span class='ocrx_word' id='word_1_205' title='bbox 1488 1746 1602 1790; x_wconf 90' lang='lat' dir='ltr'><strong>feste</strong></span> <span class='ocrx_word' id='word_1_206' title='bbox 1632 1746 1753 1790; x_wconf 88' lang='lat' dir='ltr'><strong>nella</strong></span> 
     </span>
     <span class='ocr_line' id='line_1_21' title="bbox 111 1822 1752 1880; baseline 0 -14"><span class='ocrx_word' id='word_1_207' title='bbox 111 1822 301 1876; x_wconf 87' lang='lat' dir='ltr'><strong>chiesia,</strong></span> <span class='ocrx_word' id='word_1_208' title='bbox 321 1830 367 1866; x_wconf 92' lang='lat' dir='ltr'><strong>et</strong></span> <span class='ocrx_word' id='word_1_209' title='bbox 383 1823 523 1880; x_wconf 85' lang='lat' dir='ltr'><strong>leggo</strong></span> <span class='ocrx_word' id='word_1_210' title='bbox 539 1823 675 1867; x_wconf 89' lang='lat' dir='ltr'><strong>etiam</strong></span> <span class='ocrx_word' id='word_1_211' title='bbox 691 1823 735 1866; x_wconf 92' lang='lat' dir='ltr'><strong>la</strong></span> <span class='ocrx_word' id='word_1_212' title='bbox 756 1822 954 1867; x_wconf 90' lang='lat' dir='ltr'><strong>dottrina</strong></span> <span class='ocrx_word' id='word_1_213' title='bbox 969 1823 1214 1866; x_wconf 89' lang='lat' dir='ltr'><strong>christiana</strong></span> <span class='ocrx_word' id='word_1_214' title='bbox 1230 1823 1304 1866; x_wconf 93' lang='lat' dir='ltr'><strong>alli</strong></span> <span class='ocrx_word' id='word_1_215' title='bbox 1325 1822 1518 1867; x_wconf 90' lang='lat' dir='ltr'><strong>scholari</strong></span> <span class='ocrx_word' id='word_1_216' title='bbox 1534 1822 1566 1865; x_wconf 92' lang='lat' dir='ltr'><strong>il</strong></span> <span class='ocrx_word' id='word_1_217' title='bbox 1587 1823 1752 1866; x_wconf 87' lang='lat' dir='ltr'><strong>sabba-</strong></span> 
     </span>
     <span class='ocr_line' id='line_1_22' title="bbox 117 1899 1752 1957; baseline 0.001 -15"><span class='ocrx_word' id='word_1_218' title='bbox 117 1906 179 1953; x_wconf 88' lang='lat' dir='ltr'><strong>to;</strong></span> <span class='ocrx_word' id='word_1_219' title='bbox 204 1906 251 1943; x_wconf 90' lang='lat' dir='ltr'><strong>et</strong></span> <span class='ocrx_word' id='word_1_220' title='bbox 272 1899 336 1956; x_wconf 88' lang='lat' dir='ltr'><strong>gli</strong></span> <span class='ocrx_word' id='word_1_221' title='bbox 359 1899 460 1943; x_wconf 87' lang='lat' dir='ltr'><strong>altri</strong></span> <span class='ocrx_word' id='word_1_222' title='bbox 478 1899 627 1956; x_wconf 83' lang='lat' dir='ltr'><strong>giorni</strong></span> <span class='ocrx_word' id='word_1_223' title='bbox 648 1899 842 1957; x_wconf 87' lang='lat' dir='ltr'><strong>insegno</strong></span> <span class='ocrx_word' id='word_1_224' title='bbox 859 1914 923 1943; x_wconf 93' lang='lat' dir='ltr'><strong>un</strong></span> <span class='ocrx_word' id='word_1_225' title='bbox 939 1902 1089 1957; x_wconf 92' lang='lat' dir='ltr'><strong>pocho</strong></span> <span class='ocrx_word' id='word_1_226' title='bbox 1111 1900 1157 1943; x_wconf 92' lang='lat' dir='ltr'><strong>di</strong></span> <span class='ocrx_word' id='word_1_227' title='bbox 1179 1902 1350 1957; x_wconf 83' lang='lat' dir='ltr'><strong>grecho</strong></span> <span class='ocrx_word' id='word_1_228' title='bbox 1367 1901 1424 1943; x_wconf 90' lang='lat' dir='ltr'><strong>ad</strong></span> <span class='ocrx_word' id='word_1_229' title='bbox 1445 1900 1596 1944; x_wconf 89' lang='lat' dir='ltr'><strong>alcuni</strong></span> <span class='ocrx_word' id='word_1_230' title='bbox 1618 1902 1752 1944; x_wconf 89' lang='lat' dir='ltr'><strong>scho-</strong></span> 
     </span>
     <span class='ocr_line' id='line_1_23' title="bbox 114 1976 1753 2034; baseline 0 -15"><span class='ocrx_word' id='word_1_231' title='bbox 114 1976 213 2029; x_wconf 87' lang='lat' dir='ltr'><strong>lari,</strong></span> <span class='ocrx_word' id='word_1_232' title='bbox 237 1983 284 2020; x_wconf 91' lang='lat' dir='ltr'><strong>et</strong></span> <span class='ocrx_word' id='word_1_233' title='bbox 305 1977 493 2020; x_wconf 87' lang='lat' dir='ltr'><strong>attendo</strong></span> <span class='ocrx_word' id='word_1_234' title='bbox 522 1978 609 2020; x_wconf 85' lang='lat' dir='ltr'><strong>alla</strong></span> <span class='ocrx_word' id='word_1_235' title='bbox 636 1991 756 2021; x_wconf 89' lang='lat' dir='ltr'><strong>casa.</strong></span> <span class='ocrx_word' id='word_1_236' title='bbox 782 1978 830 2021; x_wconf 95' lang='lat' dir='ltr'><strong>Io</strong></span> <span class='ocrx_word' id='word_1_237' title='bbox 853 1984 923 2020; x_wconf 90' lang='lat' dir='ltr'><strong>sto</strong></span> <span class='ocrx_word' id='word_1_238' title='bbox 946 1977 1064 2021; x_wconf 90' lang='lat' dir='ltr'><strong>assai</strong></span> <span class='ocrx_word' id='word_1_239' title='bbox 1085 1978 1204 2022; x_wconf 90' lang='lat' dir='ltr'><strong>bene</strong></span> <span class='ocrx_word' id='word_1_240' title='bbox 1226 1978 1300 2022; x_wconf 87' lang='lat' dir='ltr'><strong>del</strong></span> <span class='ocrx_word' id='word_1_241' title='bbox 1321 1992 1476 2034; x_wconf 90' lang='lat' dir='ltr'><strong>corpo,</strong></span> <span class='ocrx_word' id='word_1_242' title='bbox 1502 1978 1701 2022; x_wconf 91' lang='lat' dir='ltr'><strong>secondo</strong></span> <span class='ocrx_word' id='word_1_243' title='bbox 1721 1977 1753 2019; x_wconf 94' lang='lat' dir='ltr'><strong>il</strong></span> 
     </span>
     <span class='ocr_line' id='line_1_24' title="bbox 61 2053 1748 2112; baseline 0.001 -16"><span class='ocrx_word' id='word_1_244' title='bbox 61 2102 63 2104; x_wconf 42' lang='grc'>,</span> <span class='ocrx_word' id='word_1_245' title='bbox 114 2053 263 2107; x_wconf 85' lang='lat' dir='ltr'><strong>solito,</strong></span> <span class='ocrx_word' id='word_1_246' title='bbox 293 2054 390 2097; x_wconf 79' lang='grc'>0106</span> <span class='ocrx_word' id='word_1_247' title='bbox 413 2067 500 2097; x_wconf 92' lang='lat' dir='ltr'><strong>con</strong></span> <span class='ocrx_word' id='word_1_248' title='bbox 529 2054 756 2110; x_wconf 87' lang='lat' dir='ltr'><strong>frequenti</strong></span> <span class='ocrx_word' id='word_1_249' title='bbox 777 2054 1127 2112; x_wconf 90' lang='lat' dir='ltr'><strong>indispositioni:</strong></span> <span class='ocrx_word' id='word_1_250' title='bbox 1153 2055 1258 2098; x_wconf 90' lang='lat' dir='ltr'><strong>dell’</strong></span> <span class='ocrx_word' id='word_1_251' title='bbox 1283 2055 1433 2098; x_wconf 86' lang='lat' dir='ltr'><strong>anima</strong></span> <span class='ocrx_word' id='word_1_252' title='bbox 1457 2061 1583 2099; x_wconf 89' lang='lat' dir='ltr'><strong>tanto</strong></span> <span class='ocrx_word' id='word_1_253' title='bbox 1606 2055 1748 2107; x_wconf 89' lang='lat' dir='ltr'><strong>fredo,</strong></span> 
     </span>
     <span class='ocr_line' id='line_1_25' title="bbox 108 2118 1752 2188; baseline 0 -15"><span class='ocrx_word' id='word_1_254' title='bbox 108 2132 185 2174; x_wconf 86' lang='lat' dir='ltr'><strong>ch’</strong></span> <span class='ocrx_word' id='word_1_255' title='bbox 209 2144 318 2187; x_wconf 88' lang='lat' dir='ltr'><strong>pare</strong></span> <span class='ocrx_word' id='word_1_256' title='bbox 342 2145 431 2174; x_wconf 90' lang='lat' dir='ltr'><strong>una</strong></span> <span class='ocrx_word' id='word_1_257' title='bbox 453 2145 558 2174; x_wconf 85' lang='lat' dir='ltr'><strong>cosa</strong></span> <span class='ocrx_word' id='word_1_258' title='bbox 580 2138 740 2175; x_wconf 90' lang='lat' dir='ltr'><strong>morta.</strong></span> <span class='ocrx_word' id='word_1_259' title='bbox 770 2133 859 2175; x_wconf 85' lang='lat' dir='ltr'><strong>Per</strong></span> <span class='ocrx_word' id='word_1_260' title='bbox 882 2138 1008 2175; x_wconf 89' lang='lat' dir='ltr'><strong>tanto</strong></span> <span class='ocrx_word' id='word_1_261' title='bbox 1030 2132 1235 2188; x_wconf 89' lang='lat' dir='ltr'><strong>supplico</strong></span> <span class='ocrx_word' id='word_1_262' title='bbox 1258 2133 1316 2176; x_wconf 91' lang='lat' dir='ltr'><strong>V.</strong></span> <span class='ocrx_word' id='word_1_263' title='bbox 1342 2133 1397 2175; x_wconf 90' lang='lat' dir='ltr'><strong>R.</strong></span> <span class='ocrx_word' id='word_1_264' title='bbox 1426 2133 1478 2175; x_wconf 91' lang='lat' dir='ltr'><strong>P.</strong></span> <span class='ocrx_word' id='word_1_265' title='bbox 1505 2133 1577 2174; x_wconf 83' lang='lat' dir='ltr'><strong>ch’</strong></span> <span class='ocrx_word' id='word_1_266' title='bbox 1604 2118 1752 2186; x_wconf 85' lang='lat' dir='ltr'><strong>quella</strong></span> 
     </span>
     <span class='ocr_line' id='line_1_26' title="bbox 110 2206 1749 2265; baseline 0 -14"><span class='ocrx_word' id='word_1_267' title='bbox 110 2222 163 2251; x_wconf 86' lang='lat' dir='ltr'><strong>se</strong></span> <span class='ocrx_word' id='word_1_268' title='bbox 184 2206 323 2264; x_wconf 84' lang='lat' dir='ltr'><strong>degni</strong></span> <span class='ocrx_word' id='word_1_269' title='bbox 353 2222 519 2264; x_wconf 84' lang='lat' dir='ltr'><strong>pregar</strong></span> <span class='ocrx_word' id='word_1_270' title='bbox 546 2207 576 2250; x_wconf 91' lang='lat' dir='ltr'><strong>il</strong></span> <span class='ocrx_word' id='word_1_271' title='bbox 606 2208 806 2265; x_wconf 81' lang='lat' dir='ltr'><strong>Signore</strong></span> <span class='ocrx_word' id='word_1_272' title='bbox 833 2222 913 2265; x_wconf 88' lang='lat' dir='ltr'><strong>per</strong></span> <span class='ocrx_word' id='word_1_273' title='bbox 934 2223 1008 2253; x_wconf 91' lang='lat' dir='ltr'><strong>me</strong></span> <span class='ocrx_word' id='word_1_274' title='bbox 1030 2214 1076 2252; x_wconf 90' lang='lat' dir='ltr'><strong>et</strong></span> <span class='ocrx_word' id='word_1_275' title='bbox 1096 2223 1176 2265; x_wconf 91' lang='lat' dir='ltr'><strong>per</strong></span> <span class='ocrx_word' id='word_1_276' title='bbox 1205 2215 1324 2252; x_wconf 85' lang='lat' dir='ltr'><strong>tutto</strong></span> <span class='ocrx_word' id='word_1_277' title='bbox 1352 2214 1514 2264; x_wconf 86' lang='lat' dir='ltr'><strong>questo</strong></span> <span class='ocrx_word' id='word_1_278' title='bbox 1536 2207 1749 2264; x_wconf 82' lang='lat' dir='ltr'><strong>collegio,</strong></span> 
     </span>
     <span class='ocr_line' id='line_1_27' title="bbox 113 2283 1751 2341; baseline -0.001 -13"><span class='ocrx_word' id='word_1_279' title='bbox 113 2283 240 2328; x_wconf 82' lang='lat' dir='ltr'><strong>accio</strong></span> <span class='ocrx_word' id='word_1_280' title='bbox 260 2299 311 2328; x_wconf 90' lang='lat' dir='ltr'><strong>se</strong></span> <span class='ocrx_word' id='word_1_281' title='bbox 332 2284 471 2341; x_wconf 84' lang='lat' dir='ltr'><strong>degni</strong></span> <span class='ocrx_word' id='word_1_282' title='bbox 499 2284 532 2327; x_wconf 93' lang='lat' dir='ltr'><strong>il</strong></span> <span class='ocrx_word' id='word_1_283' title='bbox 560 2284 756 2341; x_wconf 86' lang='lat' dir='ltr'><strong>Signore</strong></span> <span class='ocrx_word' id='word_1_284' title='bbox 777 2299 865 2328; x_wconf 91' lang='lat' dir='ltr'><strong>con</strong></span> <span class='ocrx_word' id='word_1_285' title='bbox 892 2285 936 2328; x_wconf 90' lang='lat' dir='ltr'><strong>la</strong></span> <span class='ocrx_word' id='word_1_286' title='bbox 957 2292 1131 2330; x_wconf 89' lang='lat' dir='ltr'><strong>uenuta</strong></span> <span class='ocrx_word' id='word_1_287' title='bbox 1152 2285 1226 2329; x_wconf 91' lang='lat' dir='ltr'><strong>del</strong></span> <span class='ocrx_word' id='word_1_288' title='bbox 1248 2286 1363 2329; x_wconf 86' lang='lat' dir='ltr'><strong>Rdo.</strong></span> <span class='ocrx_word' id='word_1_289' title='bbox 1391 2286 1537 2329; x_wconf 88' lang='lat' dir='ltr'><strong>Padre</strong></span> <span class='ocrx_word' id='word_1_290' title='bbox 1565 2284 1751 2341; x_wconf 77' lang='lat' dir='ltr'><strong>prouin-</strong></span> 
     </span>
     <span class='ocr_line' id='line_1_28' title="bbox 111 2360 1751 2418; baseline 0 -15"><span class='ocrx_word' id='word_1_291' title='bbox 111 2360 230 2404; x_wconf 88' lang='lat' dir='ltr'><strong>ciale</strong></span> <span class='ocrx_word' id='word_1_292' title='bbox 250 2360 426 2417; x_wconf 90' lang='lat' dir='ltr'><strong>impirci</strong></span> <span class='ocrx_word' id='word_1_293' title='bbox 448 2362 566 2405; x_wconf 92' lang='lat' dir='ltr'><strong>della</strong></span> <span class='ocrx_word' id='word_1_294' title='bbox 587 2376 669 2405; x_wconf 87' lang='lat' dir='ltr'><strong>sua</strong></span> <span class='ocrx_word' id='word_1_295' title='bbox 690 2361 854 2418; x_wconf 83' lang='lat' dir='ltr'><strong>gratia,</strong></span> <span class='ocrx_word' id='word_1_296' title='bbox 878 2362 922 2405; x_wconf 92' lang='grc'>13</span> <span class='ocrx_word' id='word_1_297' title='bbox 943 2362 1077 2418; x_wconf 89' lang='lat' dir='ltr'><strong>quale</strong></span> <span class='ocrx_word' id='word_1_298' title='bbox 1098 2362 1309 2406; x_wconf 86' lang='lat' dir='ltr'><strong>conserui</strong></span> <span class='ocrx_word' id='word_1_299' title='bbox 1331 2364 1387 2406; x_wconf 90' lang='lat' dir='ltr'><strong>V.</strong></span> <span class='ocrx_word' id='word_1_300' title='bbox 1415 2363 1469 2405; x_wconf 91' lang='lat' dir='ltr'><strong>R.</strong></span> <span class='ocrx_word' id='word_1_301' title='bbox 1497 2363 1549 2405; x_wconf 89' lang='lat' dir='ltr'><strong>P.</strong></span> <span class='ocrx_word' id='word_1_302' title='bbox 1577 2375 1687 2404; x_wconf 90' lang='lat' dir='ltr'><strong>sano</strong></span> <span class='ocrx_word' id='word_1_303' title='bbox 1705 2367 1751 2405; x_wconf 90' lang='lat' dir='ltr'><strong>et</strong></span> 
     </span>
     <span class='ocr_line' id='line_1_29' title="bbox 114 2437 1585 2496; baseline 0 -15"><span class='ocrx_word' id='word_1_304' title='bbox 114 2438 245 2482; x_wconf 91' lang='lat' dir='ltr'><strong>saluo</strong></span> <span class='ocrx_word' id='word_1_305' title='bbox 267 2453 293 2481; x_wconf 94' lang='grc'>3</span> <span class='ocrx_word' id='word_1_306' title='bbox 314 2438 449 2481; x_wconf 85' lang='lat' dir='ltr'><strong>laude</strong></span> <span class='ocrx_word' id='word_1_307' title='bbox 471 2439 545 2481; x_wconf 91' lang='lat' dir='ltr'><strong>del</strong></span> <span class='ocrx_word' id='word_1_308' title='bbox 566 2438 777 2495; x_wconf 84' lang='lat' dir='ltr'><strong>Signore.</strong></span> <span class='ocrx_word' id='word_1_309' title='bbox 803 2437 863 2482; x_wconf 93' lang='lat' dir='ltr'><strong>Di</strong></span> <span class='ocrx_word' id='word_1_310' title='bbox 884 2440 920 2482; x_wconf 93' lang='lat' dir='ltr'>F</span> <span class='ocrx_word' id='word_1_311' title='bbox 923 2438 1075 2483; x_wconf 89' lang='lat' dir='ltr'><strong>irenze</strong></span> <span class='ocrx_word' id='word_1_312' title='bbox 1097 2439 1154 2482; x_wconf 83' lang='lat'><strong>26</strong></span> <span class='ocrx_word' id='word_1_313' title='bbox 1175 2438 1221 2481; x_wconf 92' lang='lat' dir='ltr'><strong>di</strong></span> <span class='ocrx_word' id='word_1_314' title='bbox 1243 2439 1431 2496; x_wconf 83' lang='lat' dir='ltr'><strong>Maggio</strong></span> <span class='ocrx_word' id='word_1_315' title='bbox 1459 2448 1585 2493; x_wconf 85' lang='lat'><strong>1554.</strong></span> 
     </span>
    </p>

    <p class='ocr_par' dir='ltr' id='par_1_6' title="bbox 206 2514 1686 2576">
     <span class='ocr_line' id='line_1_30' title="bbox 206 2514 1686 2576; baseline -0.002 -16"><span class='ocrx_word' id='word_1_316' title='bbox 206 2518 264 2560; x_wconf 88' lang='lat' dir='ltr'><strong>D.</strong></span> <span class='ocrx_word' id='word_1_317' title='bbox 291 2517 348 2560; x_wconf 93' lang='lat' dir='ltr'><strong>V.</strong></span> <span class='ocrx_word' id='word_1_318' title='bbox 380 2517 429 2560; x_wconf 75' lang='lat' dir='ltr'><strong>R.</strong></span> <span class='ocrx_word' id='word_1_319' title='bbox 458 2517 510 2558; x_wconf 86' lang='lat' dir='ltr'><strong>P.</strong></span> <span class='ocrx_word' id='word_1_320' title='bbox 536 2530 670 2576; x_wconf 89' lang='lat' dir='ltr'><strong>seruo</strong></span> <span class='ocrx_word' id='word_1_321' title='bbox 691 2514 878 2560; x_wconf 88' lang='lat' dir='ltr'><strong>minimo</strong></span> <span class='ocrx_word' id='word_1_322' title='bbox 899 2522 945 2561; x_wconf 91' lang='lat' dir='ltr'><strong>et</strong></span> <span class='ocrx_word' id='word_1_323' title='bbox 966 2515 1174 2572; x_wconf 86' lang='lat' dir='ltr'><strong>figliuolo</strong></span> <span class='ocrx_word' id='word_1_324' title='bbox 1195 2515 1396 2572; x_wconf 83' lang='lat' dir='ltr'><strong>indegno</strong></span> <span class='ocrx_word' id='word_1_325' title='bbox 1418 2515 1465 2558; x_wconf 94' lang='lat' dir='ltr'><strong>in</strong></span> <span class='ocrx_word' id='word_1_326' title='bbox 1488 2515 1686 2568; x_wconf 87' lang='lat' dir='ltr'><strong>Christo,</strong></span> 
     </span>
    </p>

    <p class='ocr_par' dir='ltr' id='par_1_7' title="bbox 901 2594 1568 2637">
     <span class='ocr_line' id='line_1_31' title="bbox 901 2594 1568 2637; baseline -0.003 0"><span class='ocrx_word' id='word_1_327' title='bbox 901 2594 1156 2637; x_wconf 82' lang='lat' dir='ltr'><strong>LUDomco</strong></span> <span class='ocrx_word' id='word_1_328' title='bbox 1190 2607 1252 2636; x_wconf 86' lang='lat' dir='ltr'><strong>DE</strong></span> <span class='ocrx_word' id='word_1_329' title='bbox 1284 2594 1568 2637; x_wconf 85' lang='lat' dir='ltr'><strong>COUDRETO.</strong></span> 
     </span>
    </p>

    <p class='ocr_par' dir='ltr' id='par_1_8' title="bbox 205 2666 1750 2728">
     <span class='ocr_line' id='line_1_32' title="bbox 205 2666 1750 2728; baseline -0.001 -16"><span class='ocrx_word' id='word_1_330' title='bbox 205 2670 466 2726; x_wconf 75' lang='lat' dir='ltr'><strong>Inscriptio:</strong></span> <span class='ocrx_word' id='word_1_331' title='bbox 489 2669 518 2728; x_wconf 84' lang='lat'>†</span> <span class='ocrx_word' id='word_1_332' title='bbox 541 2669 601 2713; x_wconf 89' lang='lat' dir='ltr'><strong>Al</strong></span> <span class='ocrx_word' id='word_1_333' title='bbox 618 2670 758 2713; x_wconf 91' lang='lat' dir='ltr'><strong>molto</strong></span> <span class='ocrx_word' id='word_1_334' title='bbox 776 2671 891 2713; x_wconf 92' lang='lat' dir='ltr'><strong>Rdo.</strong></span> <span class='ocrx_word' id='word_1_335' title='bbox 911 2669 959 2712; x_wconf 93' lang='lat' dir='ltr'><strong>in</strong></span> <span class='ocrx_word' id='word_1_336' title='bbox 976 2670 1159 2714; x_wconf 91' lang='lat' dir='ltr'><strong>Christo</strong></span> <span class='ocrx_word' id='word_1_337' title='bbox 1183 2670 1346 2722; x_wconf 86' lang='lat' dir='ltr'><strong>Padre,</strong></span> <span class='ocrx_word' id='word_1_338' title='bbox 1365 2669 1396 2712; x_wconf 92' lang='lat' dir='ltr'><strong>il</strong></span> <span class='ocrx_word' id='word_1_339' title='bbox 1415 2671 1467 2712; x_wconf 92' lang='lat' dir='ltr'><strong>P.</strong></span> <span class='ocrx_word' id='word_1_340' title='bbox 1490 2671 1551 2712; x_wconf 92' lang='lat' dir='ltr'><strong>M.</strong></span> <span class='ocrx_word' id='word_1_341' title='bbox 1573 2666 1750 2724; x_wconf 82' lang='lat' dir='ltr'><strong>Ignatio</strong></span> 
     </span>
    </p>

    <p class='ocr_par' dir='ltr' id='par_1_9' title="bbox 110 2745 1746 2803">
     <span class='ocr_line' id='line_1_33' title="bbox 110 2745 1746 2803; baseline -0.001 -15"><span class='ocrx_word' id='word_1_342' title='bbox 110 2746 173 2790; x_wconf 89' lang='lat' dir='ltr'><strong>de</strong></span> <span class='ocrx_word' id='word_1_343' title='bbox 191 2746 376 2802; x_wconf 87' lang='lat' dir='ltr'><strong>Loyola,</strong></span> <span class='ocrx_word' id='word_1_344' title='bbox 393 2745 624 2802; x_wconf 86' lang='lat' dir='ltr'><strong>preposito</strong></span> <span class='ocrx_word' id='word_1_345' title='bbox 641 2747 855 2802; x_wconf 85' lang='lat' dir='ltr'><strong>generale</strong></span> <span class='ocrx_word' id='word_1_346' title='bbox 871 2747 989 2791; x_wconf 87' lang='lat' dir='ltr'><strong>della</strong></span> <span class='ocrx_word' id='word_1_347' title='bbox 1006 2746 1288 2803; x_wconf 86' lang='lat' dir='ltr'><strong>Compagnia</strong></span> <span class='ocrx_word' id='word_1_348' title='bbox 1305 2746 1351 2789; x_wconf 90' lang='lat' dir='ltr'><strong>di</strong></span> <span class='ocrx_word' id='word_1_349' title='bbox 1367 2746 1527 2797; x_wconf 81' lang='lat' dir='ltr'><strong>Giesu,</strong></span> <span class='ocrx_word' id='word_1_350' title='bbox 1545 2760 1570 2787; x_wconf 90' lang='lat' dir='ltr'><strong>a</strong></span> <span class='ocrx_word' id='word_1_351' title='bbox 1588 2746 1746 2788; x_wconf 85' lang='lat' dir='ltr'><strong>Roma.</strong></span> 
     </span>
    </p>
   </div>
  </div>
 </body>
</html>
