2054 3496
815 243 1063 278 FEBRUARIO
1090 248 1105 275 1
1111 248 1132 285 5
1135 248 1181 285 54
1720 245 1764 283 57

934 483 1055 525 aaz

701 596 708 598 -
740 585 981 634 JOANNES
1006 586 1077 621 DE
1103 584 1250 621 vEGA

831 683 979 718 Prorex
1004 680 1164 717 Siciliae

574 779 807 837 JOANNI
864 778 1068 821 PETRO
1118 776 1413 821 CARAFFA

740 883 940 921 Cardinali
979 883 1228 931 neapolitano
1236 910 1246 919 .

603 964 828 1025 srmomao
858 977 904 1024 (Ρ)
934 987 1178 1017 Fnssnumo
1210 979 1316 1025 1554]
1353 980 1383 1014 ¹.

179 1061 441 1101 Octavianum
458 1061 595 1100 Cesari
611 1061 729 1098 nullis
746 1061 957 1098 adductum
974 1061 1171 1109 precibus,
1185 1063 1292 1098 nulla
1308 1060 1365 1108 vi,
1382 1066 1449 1097 aut
1471 1061 1640 1096 humana
1657 1072 1814 1108 persua-

252 1122 377 1169 sione,
391 1121 463 1158 sed
479 1133 550 1158 sua
567 1127 706 1169 sponte
725 1121 964 1158 Societatem
978 1121 1131 1168 ingredi
1148 1120 1348 1167 statuisse,
1369 1120 1727 1176 testatur.--Rogat
1743 1119 1816 1167 igi-

254 1186 317 1217 tur
334 1187 391 1227 ut,
409 1193 509 1229 quae
527 1180 734 1217 cardinalis
763 1186 855 1217 sunt
872 1186 1019 1228 partes,
1044 1180 1223 1228 justitiae
1253 1192 1299 1217 ac
1324 1180 1400 1216 Dei
1428 1180 1566 1216 honori
1594 1180 1817 1216 consultum

255 1240 368 1278 velit.

981 1324 1012 1383 †

271 1419 416 1463 Illmo.
442 1434 471 1475 y
489 1420 616 1463 Rmo.
636 1425 787 1463 senor.
809 1419 884 1475 Ay
902 1425 979 1462 tan
996 1433 1135 1475 pocos
1152 1433 1241 1475 que
1258 1419 1456 1463 vueluan
1471 1434 1554 1476 por
1570 1419 1612 1462 la
1629 1418 1815 1471 verdad,

180 1512 211 1553 y
234 1496 474 1540 tantos'los
496 1510 585 1552 que
613 1496 817 1552 trabajan
845 1511 935 1552 que
956 1511 1016 1540 no
1044 1497 1173 1554 salga
1197 1500 1224 1540 a
1250 1497 1341 1551 luz,
1371 1510 1461 1552 que
1482 1511 1542 1539 no
1569 1510 1642 1539 me
1669 1511 1818 1539 mara-

254 1629 266 1649 ¹
315 1627 375 1662 Ex
396 1632 641 1674 transumpto
656 1638 803 1663 coaevo
821 1628 861 1663 in
878 1629 957 1664 vol.
976 1628 1106 1676 Epist.
1127 1628 1385 1676 Principum,
1401 1626 1546 1675 duplici
1564 1627 1671 1671 folio,
1697 1640 1737 1663 n.
1756 1625 1818 1673 36,

181 1685 288 1734 prius
318 1686 585 1733 180.—Hujus
615 1687 804 1734 epistolae
829 1687 905 1723 alia
929 1687 1022 1734 duo,
1046 1687 1149 1735 quod
1178 1687 1366 1734 sciamus,
1393 1693 1551 1723 exstant
1575 1691 1819 1734 transumpta

182 1746 376 1793 exempla,
394 1746 559 1781 alterum
576 1745 618 1782 in
636 1747 718 1782 vol.
741 1747 793 1793 D,
810 1746 957 1794 duplici
974 1746 1083 1789 folio,
1097 1759 1141 1783 n.
1160 1755 1244 1793 219,
1264 1746 1370 1794 prius
1391 1746 1472 1792 135;
1492 1748 1657 1783 alterum
1681 1747 1721 1782 in
1738 1747 1818 1782 vol.

181 1805 317 1852 Epist.
339 1806 609 1851 diversorum,
626 1804 772 1852 duplici
789 1805 883 1842 item
901 1805 1010 1853 folio,
1027 1818 1068 1842 n.
1082 1805 1144 1852 30,
1159 1807 1266 1854 prius
1283 1805 1366 1852 134.
1387 1807 1576 1854 Exempla
1589 1808 1700 1852 haec,
1718 1817 1819 1853 quae

182 1864 285 1900 inter
298 1875 341 1900 se
355 1863 511 1900 omnino
523 1866 779 1912 conveniunt,
794 1866 971 1913 exceptis
984 1866 1180 1902 nonnullis
1193 1866 1304 1914 parvi
1317 1865 1520 1913 momenti,
1535 1865 1584 1902 ad
1597 1878 1680 1902 rem
1692 1866 1820 1901 ortho—

180 1923 406 1970 graphicam
423 1925 707 1971 spectantibus,
731 1930 824 1961 nota
848 1925 1033 1973 temporis
1051 1931 1200 1973 carent,
1224 1937 1301 1974 quo
1324 1926 1436 1972 Vega
1459 1925 1646 1962 cardinali
1666 1924 1820 1961 Caraffa

179 1982 395 2030 scripserit.
421 1983 608 2019 Attamen
622 1983 843 2030 judicamus
859 1985 959 2021 hanc
977 1985 1181 2032 epistolam
1199 1997 1301 2022 anno
1318 1993 1423 2031 1554,
1439 1985 1625 2032 Januario
1639 1984 1819 2020 occiden-

180 2047 220 2078 te
241 2047 308 2078 aut
324 2043 538 2079 Februario
556 2043 730 2087 ineunte,
749 2044 873 2080 fuisse
889 2045 1163 2092 conscriptam.
1184 2045 1247 2081 Ad
1264 2046 1367 2082 hunc
1386 2045 1545 2093 quidem
1569 2056 1714 2080 annum
1732 2055 1817 2080 eam

178 2100 299 2137 refert
316 2102 536 2147 POLANCO‚
556 2109 588 2139 t.
611 2114 668 2150 lv,
689 2115 778 2151 pag.
799 2113 884 2150 212,
902 2116 941 2140 n.
959 2112 1044 2150 471:
1064 2105 1188 2141 «Cum
1205 2105 1353 2141 Romae
1370 2105 1496 2141 adhuc
1514 2104 1599 2151 ejus
1613 2115 1731 2140 causa
1746 2103 1817 2152 [sc.

177 2159 351 2207 Octavii]
369 2166 527 2208 propter
557 2162 692 2198 matris
722 2163 962 2200 indefessam
985 2164 1318 2212 importunitatem
1343 2169 1590 2210 tractaretur,
1617 2169 1658 2199 et
1684 2162 1821 2200 Cardi-

177 2220 277 2256 nalis
294 2220 484 2256 Teatinus
513 2222 755 2269 compatiens
773 2225 833 2267 (ut
861 2223 1100 2260 credendum
1118 2227 1194 2269 est)
1212 2224 1346 2260 matris
1369 2224 1509 2270 dolori,
1534 2223 1818 2272 protectionem

178 2278 264 2326 ejus
281 2290 422 2316 causae
441 2280 674 2328 susciperet,
692 2281 849 2329 scripsit
872 2282 922 2318 ad
942 2295 1032 2319 eum
1056 2284 1220 2319 Pro-rex
1244 2284 1458 2331 prudentes
1483 2284 1650 2329 litteras,
1675 2282 1818 2330 quibus

177 2337 298 2374 fidem
330 2339 368 2374 ei
385 2338 493 2386 facit,
518 2341 552 2376 si
569 2341 651 2376 suis
675 2342 916 2389 temporibus
943 2342 1152 2379 manifesta
1175 2342 1334 2380 fuerunt
1347 2344 1564 2380 vocationis
1588 2342 1744 2378 divinae
1762 2342 1818 2378 in·

179 2397 294 2443 dicia,
309 2397 350 2434 in
366 2399 440 2434 hoc
450 2398 596 2445 juvene
611 2401 779 2436 maxime
793 2401 1112 2438 manifestissima
1125 2402 1263 2448 fuisse,
1282 2408 1324 2438 et
1335 2415 1436 2450 quae
1450 2404 1619 2450 ipsemet
1632 2407 1818 2449 expertus

178 2455 320 2503 fuerat,
335 2457 522 2494 addidit.»
542 2459 759 2495 Videantur
772 2461 890 2496 etiam
903 2473 1003 2509 quae
1017 2461 1121 2497 idem
1139 2467 1273 2499 auctor
1291 2462 1516 2510 scripserat,
1536 2463 1562 2498 l.
1580 2475 1627 2505 c.‚
1647 2473 1736 2509 pag,
1758 2469 1816 2505 17,

180 2527 220 2552 n.
242 2524 300 2563 17,
317 2528 418 2564 quae
436 2517 486 2553 ad
497 2517 652 2554 initium
669 2519 784 2566 hujus
801 2521 893 2557 anni
911 2527 1089 2568 spectare
1104 2521 1304 2557 videntur.
1324 2522 1445 2557 Porro
1459 2522 1660 2558 mensibus
1675 2522 1818 2567 Janua-

178 2574 236 2610 rio
253 2580 321 2611 aut
337 2576 550 2613 Februario
567 2579 667 2614 hanc
685 2572 891 2626 epistolam
909 2580 1040 2616 datam
1064 2580 1295 2628 conjicimus
1313 2593 1363 2617 ex
1381 2581 1504 2629 ipsius
1522 2581 1656 2617 verbis
1679 2581 1720 2616 in
1745 2580 1817 2626 pri-

178 2645 241 2669 ma
257 2635 417 2682 periodo
434 2637 588 2683 positis,
608 2638 676 2674 ubi
690 2637 932 2676 Octavianus
950 2639 1088 2676 Cesari
1104 2640 1246 2677 dicitur
1264 2646 1436 2678 mentem
1459 2640 1662 2676 induxisse
1687 2639 1818 2675 Socie-

177 2693 250 2728 tati
266 2693 502 2731 adhaerendi
521 2702 628 2732 «esta
644 2709 850 2745 quaresma
865 2700 958 2735 hara
972 2699 1042 2735 dos
1060 2703 1195 2736 anos.»
1213 2701 1272 2736 Ex
1289 2700 1432 2748 quibus
1456 2700 1590 2736 verbis
1613 2698 1817 2735 conficitur

177 2751 289 2798 Vega
305 2759 396 2789 ante
413 2754 751 2802 quadragesimam
770 2758 962 2795 scribere.
986 2759 1103 2806 Quod
1120 2759 1155 2795 si
1172 2759 1212 2795 id
1231 2759 1442 2807 praestitit,
1467 2764 1510 2795 ut
1532 2758 1702 2802 videtur,
1726 2763 1816 2805 post

177 2810 379 2859 epistolas,
396 2825 493 2861 quas
506 2815 682 2861 Ignatius
696 2816 806 2853 dedit
820 2818 934 2854 matri
947 2818 1070 2865 ipsius
1083 2817 1291 2856 Octaviani
1306 2831 1351 2855 ac
1376 2820 1408 2854 F
1408 2819 1583 2864 rancisco
1604 2818 1652 2853 de
1673 2817 1816 2853 Medde

174 2869 258 2917 (qui
272 2871 518 2918 neapolitano
534 2874 722 2912 cardinali
739 2881 823 2912 erat
840 2889 863 2912 a
875 2877 1201 2924 confesionibus)‚
1221 2878 1267 2913 28
1280 2879 1470 2925 Januarfi,
1492 2883 1532 2914 et
1559 2882 1649 2913 ante
1673 2877 1815 2924 episto—

179 2930 256 2965 lam
274 2929 398 2977 ipsius
415 2931 559 2978 Ignatii
588 2934 637 2970 ad
668 2935 861 2981 joannem
891 2936 1059 2984 Caraffa,
1090 2938 1274 2974 comitem
1307 2938 1356 2974 de
1380 2937 1587 2983 Montori0‚
1609 2945 1624 2972 Ι
1652 2936 1814 2983 Aprilis,

177 2988 404 3035 conjectura
421 2996 554 3027 nostra
570 2992 620 3028 de
633 2994 857 3042 scriptionis
870 3001 1048 3044 tempore
1062 2997 1220 3034 omnino
1233 2997 1466 3034 firmabitur.
1491 2995 1637 3032 cartas
1661 2997 1709 3032 de
1731 2995 1816 3031 San

181 3047 364 3095 Ignacio,
385 3054 416 3085 t.
442 3058 496 3096 ιν,
514 3062 604 3098 pag.
623 3061 709 3100 419,
727 3063 814 3101 420,
828 3063 899 3100 447
917 3060 958 3091 et
975 3067 1063 3103 pag.
1079 3066 1140 3102 44,
1158 3056 1218 3101 46,
1241 3056 1320 3093 118.
