2060 3450
825 270 850 305 6
874 270 1076 316 JANUARII
1103 277 1192 315 1555
1706 278 1776 316 507

195 372 464 429 contemptis
481 378 559 416 aut
575 371 768 425 omissis,
789 372 912 427 quod
927 369 1096 415 saeculi
1112 369 1319 416 homines
1334 385 1494 428 parum
1505 370 1716 427 judicant
1733 371 1830 415 dis-

196 464 603 494 cernere————
628 450 657 491 ¹.
690 450 747 491 Et
773 448 910 492 credo
931 462 1018 491 nos
1045 461 1203 492 omnes
1231 449 1454 492 hactenus
1481 461 1605 491 nunc
1633 448 1832 493 maxime

195 527 243 570 id
263 527 432 571 crimen
454 527 674 583 effugere3
700 526 782 570 sed
802 524 999 582 speciem
1022 523 1315 569 nihilominus
1330 524 1595 582 longissime
1611 524 1832 569 convenit

198 618 426 655 amouere,
458 604 581 658 quod
606 616 950 659 assequeremur
979 600 1125 654 facile,
1157 601 1195 644 si
1222 601 1285 655 is,
1316 601 1394 658 qui
1426 608 1558 658 aptus
1581 608 1651 645 est
1672 601 1832 644 talium

198 680 431 723 hominum
453 679 702 733 conuictui,
727 686 773 724 et
794 679 941 736 gradu
962 685 1007 722 et
1029 679 1233 723 moribus
1254 685 1300 722 et
1320 678 1563 736 grauitate,
1583 678 1710 722 illum
1731 693 1833 721 am—

196 758 419 814 plectatur
439 763 485 800 et
512 757 711 809 excolat,
742 756 895 812 quoad
924 754 1075 799 sinent
1103 755 1273 799 ordinis
1300 755 1519 812 obsequia
1541 762 1587 798 et
1614 755 1846 798 instantia,

196 833 472 891 propiorum.
505 833 778 878 Coronidem
800 838 952 877 autem
975 839 1022 876 et
1042 832 1179 875 huius
1205 832 1423 889 propositi
1444 839 1490 876 et
1518 831 1702 876 alterius
1722 831 1830 884 loci,

196 911 278 955 sed
299 910 502 966 ejusdem
520 909 847 966 prouidentiae,
868 910 1003 953 talem
1019 909 1190 966 accipe,
1213 911 1348 954 Pater
1364 909 1412 952 in
1429 909 1612 953 Christo
1628 908 1833 952 omnium

190 990 303 1046 Jesu
325 987 550 1031 sociorum
573 986 828 1031 Societatis.
859 988 1075 1043 Ingentes
1104 986 1324 1042 promittit
1354 986 1624 1043 multiplices
1653 993 1699 1031 et
1727 1000 1831 1042 per-

197 1079 331 1120 quam
353 1065 526 1120 amplos
548 1065 722 1107 fructus
743 1063 882 1107 huius
903 1063 1055 1121 gentis
1077 1062 1246 1120 stirpis,
1266 1063 1527 1119 praesertim
1545 1062 1715 1120 regiae,
1733 1062 1832 1120 pie·

198 1149 283 1196 tas,
307 1141 584 1198 benignitas,
619 1140 888 1197 prudencia,
920 1140 1136 1197 probitas,
1167 1139 1206 1183 si
1234 1140 1395 1196 aliquis
1423 1148 1603 1196 praesto
1624 1146 1745 1183 esset
1777 1153 1838 1182 ex

198 1218 364 1262 nostris
386 1218 587 1275 ingenio,
611 1217 728 1272 vita,
758 1217 981 1274 sapientia
1009 1224 1055 1261 et
1084 1217 1199 1260 lucri
1229 1217 1376 1260 sancti
1402 1217 1565 1260 ardens
1587 1217 1705 1269 zelo,
1737 1215 1836 1272 qui,

199 1295 410 1339 omnibus
431 1294 581 1338 omnia
604 1295 765 1347 factus,
790 1302 955 1338 cuneta
976 1294 1023 1337 in
1046 1310 1141 1339 rem
1164 1294 1335 1338 Christi
1350 1300 1653 1338 converteret.

289 1372 436 1416 Padre
457 1385 563 1415 meu
584 1386 655 1415 em
671 1373 783 1429 Jesu
811 1371 993 1415 Christo
1022 1372 1054 1415 ³.
1087 1373 1215 1415 Dous
1243 1370 1462 1428 respeitos
1491 1385 1518 1413 o
1546 1371 1629 1414 dos
1650 1356 1839 1414 sabores

201 1456 323 1494 terno
349 1447 562 1505 impidem
590 1449 757 1491 mucho
785 1462 883 1491 mas
911 1448 1065 1504 riquos
1090 1463 1120 1505 y
1147 1455 1360 1492 extensos
1383 1446 1839 1504 aprouechamientos

203 1541 260 1570 en
281 1532 377 1569 este
398 1540 539 1580 reyno
560 1540 590 1581 y
611 1532 752 1577 corte,
783 1539 865 1581 por
890 1525 958 1568 los
987 1539 1075 1581 que
1102 1539 1186 1569 son
1214 1525 1404 1580 cabecas
1432 1524 1506 1567 del
1533 1524 1838 1568 instrumento

198 1602 327 1646 desta
348 1601 659 1645 efficacissima
686 1601 967 1657 Companhia
994 1602 1051 1646 de
1073 1603 1225 1659 Jesus.
1257 1602 1309 1644 El
1344 1600 1557 1658 primero,
1589 1590 1688 1644 esta
1710 1600 1838 1656 vejez

199 1677 382 1734 rancida
418 1678 476 1722 de
502 1678 568 1722 las
597 1692 726 1721 cosas
753 1678 811 1721 de
838 1685 1035 1721 maestro
1064 1677 1244 1732 Simon,
1273 1692 1445 1734 porque
1473 1691 1637 1734 parece
1665 1690 1755 1732 que
1785 1691 1834 1720 se

199 1754 345 1799 siente
366 1769 455 1797 vna
477 1753 745 1810 impression
766 1755 894 1798 deste
915 1754 1110 1811 negocio
1131 1770 1189 1799 en
1206 1755 1273 1798 las
1294 1768 1527 1811 personas,
1548 1768 1654 1809 que,
1674 1753 1834 1807 cierto,

199 1845 257 1874 no
279 1831 402 1874 dudo
422 1845 512 1886 que
533 1835 559 1874 a
581 1833 770 1874 muchos
791 1846 869 1876 sea
885 1831 1207 1888 impedimento
1225 1846 1333 1888 para
1355 1838 1495 1874 tratar
1515 1845 1603 1874 con
1619 1831 1663 1873 la
1680 1844 1837 1886 perso-

201 1923 260 1951 na
281 1907 500 1965 principal
521 1923 609 1963 que
630 1923 688 1952 en
710 1909 753 1952 el
774 1908 961 1965 negotio
982 1908 1228 1962 interuino,
1252 1924 1282 1965 y
1304 1923 1393 1952 aun
1422 1923 1531 1965 para
1560 1907 1628 1951 oir
1656 1908 1729 1951 del
1751 1921 1839 1950 con

203 1985 436 2030 deuotion.
462 1986 516 2028 El
538 1989 638 2043 otro
661 1986 795 2029 sabor
822 2001 872 2029 es
893 1986 950 2029 de
971 1987 1014 2029 13
1041 1985 1222 2043 propria
1250 1986 1401 2038 tierra,
1434 1999 1606 2042 porque
1621 2018 1631 2037 ,
1656 1998 1840 2039 aunque

203 2062 359 2118 aplaze
380 2064 568 2106 muchas
589 2077 739 2116 vezes,
764 2077 925 2120 parece
947 2078 1036 2119 que
1057 2078 1117 2106 no
1145 2062 1302 2119 quiere
1328 2062 1440 2106 Dios
1467 2077 1556 2118 que
1583 2062 1841 2118 aproueche

205 2139 390 2182 mucho.
416 2139 500 2182 Asi
524 2154 614 2195 que
642 2154 757 2196 gran
784 2140 998 2184 nouedad
1026 2142 1165 2192 seria,
1196 2140 1329 2184 sobre
1355 2140 1399 2183 13
1427 2154 1516 2195 que
1537 2139 1579 2182 la
1601 2137 1754 2195 gracia
1780 2138 1839 2182 de

204 2215 321 2258 Dios
345 2230 371 2258 a
392 2215 600 2259 embiado
622 2231 704 2272 por
724 2217 793 2259 los
815 2216 988 2261 medios
1010 2217 1066 2260 de
1087 2218 1146 2260 V.
1172 2218 1226 2260 P.
1252 2224 1349 2260 este
1365 2231 1485 2260 anno
1506 2231 1531 2260 e
1550 2216 1716 2272 tiempo
1733 2218 1839 2271 pro-

206 2292 344 2345 ximo,
370 2292 407 2334 si
429 2306 487 2335 en
509 2299 631 2335 estos
654 2307 818 2349 reynos
839 2292 1084 2350 presidiese
1108 2308 1168 2336 vn
1191 2295 1245 2337 P.
1270 2294 1418 2337 Nadal
1440 2297 1467 2336 ό
1489 2307 1552 2336 un
1573 2300 1673 2336 otro
1690 2292 1844 2336 destas

206 2375 358 2424 partes
378 2384 408 2424 y
430 2369 643 2424 qualidad
665 2371 698 2423 ³3
723 2385 820 2413 mas
840 2385 898 2414 en
921 2370 1030 2413 todo
1052 2384 1126 2415 me
1148 2384 1349 2414 conozco
1371 2369 1542 2426 nescio,
1566 2385 1596 2426 y
1618 2383 1722 2414 creo
1754 2382 1844 2423 que

206 2444 251 2487 lo
273 2459 362 2500 que
385 2445 500 2489 Dios
521 2460 603 2502 por
624 2446 773 2491 medio
795 2447 852 2492 de
881 2448 934 2491 V.
962 2448 1015 2490 P.
1042 2461 1127 2490 nos
1155 2448 1212 2490 de
1234 2447 1250 2467 ⁴
1264 2481 1274 2501 ,
1305 2462 1355 2490 es
1382 2461 1492 2503 para
1513 2447 1618 2489 todo
1640 2446 1782 2501 mejor
1812 2459 1842 2500 y

209 2526 305 2565 mas
326 2522 640 2567 conveniente.
668 2525 733 2567 La
756 2539 886 2568 suma
908 2524 1093 2567 bondad
1114 2538 1198 2568 nos
1219 2524 1351 2568 visite
1374 2538 1460 2567 con
1482 2538 1535 2567 su
1553 2522 1713 2580 gratia,
1734 2535 1841 2578 para

282 2712 292 2732 ¹
344 2711 517 2747 Verbum
534 2712 623 2748 heic
641 2718 702 2748 est
719 2712 925 2760 scriptum,
942 2712 1046 2760 quod
1064 2714 1178 2760 plane
1196 2724 1274 2748 non
1291 2712 1560 2759 intelligimus.

278 2771 292 2791 ²
343 2769 444 2805 Cum
462 2772 665 2818 hucusque
683 2771 804 2807 latina
822 2772 959 2818 lingua
977 2783 1071 2808 usus
1089 2771 1208 2807 fuerit
1226 2771 1408 2818 Silveira,
1426 2770 1721 2807 admirationem
1738 2775 1849 2805 certe

210 2833 358 2873 movet,
383 2829 487 2876 quod
510 2831 758 2882 vernaculam
776 2842 879 2866 nunc
905 2831 1105 2875 adhibeat,
1131 2837 1170 2867 et
1194 2830 1351 2876 deinde,
1372 2836 1460 2877 post
1490 2831 1674 2877 pauculos
1691 2841 1848 2874 versus,

208 2887 468 2934 hispanicam.
493 2890 679 2925 Voluitne
698 2890 738 2925 in
755 2891 815 2926 his
834 2891 970 2926 stilum
991 2889 1195 2926 exercere?
1212 2889 1292 2926 Cur
1311 2890 1350 2925 id
1374 2890 1505 2933 faciat,
1525 2901 1618 2924 sane
1641 2900 1718 2925 non
1740 2901 1847 2925 asse—

209 2958 378 2993 quimur.

282 3007 297 3027 ³
346 3005 492 3042 Confer
504 3019 604 3054 quae
622 3007 671 3043 ad
689 3009 786 3044 haee
804 3009 1026 3045 notavimus
1044 3009 1084 3044 in
1102 3009 1319 3054 POLANCO,
1335 3009 1362 3043 l.
1382 3020 1430 3049 c„
1451 3013 1580 3044 annot.
1600 3018 1636 3053 4.

283 3068 299 3088 ⁴
347 3066 420 3101 Ms.
439 3067 519 3113 die,
537 3067 643 3114 prius
661 3068 790 3103 diera.
