2034 3444
792 234 839 269 29
864 225 1032 261 Amuus
1062 233 1151 270 1555
1669 222 1742 260 623

912 486 1038 526 95²

636 575 984 614 HIERONYMUS
1009 575 1303 614 DOMENECH

526 661 712 704 PATRI
743 661 1005 705 IGNATIO
1037 661 1120 704 DE
1153 661 1410 704 LOYOLA

644 763 848 791 PANORMO
874 763 920 800 29
954 762 1114 790 APRms
1143 762 1232 800 1555
1268 756 1295 789 ¹.

146 837 350 874 Ditionem
368 836 453 873 sive
471 848 585 884 agros
602 838 812 885 perlustrat
829 836 1010 873 abbatiae
1028 837 1195 873 Sanctae
1216 837 1375 881 Mariae,
1401 838 1520 883 vulgo
1543 836 1678 873 Sancti
1696 837 1784 873 Phi·

219 896 315 943 lippi
332 895 434 932 della
451 896 606 943 Grotta,
624 896 1021 943 dietae.-Quaedam
1038 896 1087 932 ad
1103 896 1160 932 rei
1177 895 1379 932 familiaris
1397 895 1680 932 incrementum
1694 908 1784 932 con-

219 955 627 992 stituit.—Mazzaram
640 955 752 1003 petit:
768 955 831 991 hic
848 956 1058 1002 collegium
1073 955 1281 992 Soeietatis
1295 956 1782 1003 expetitur.—Drepanum

219 1015 488 1062 proficiscitur:
507 1014 563 1051 ibi
581 1015 699 1051 etiam
714 1016 779 1052 Fr.
792 1016 964 1061 Jacobus
977 1015 1026 1051 de
1046 1014 1246 1062 Augubi0,
1266 1014 1315 1053 Ο.
1335 1015 1378 1050 S.
1398 1015 1459 1060 F.,
1480 1014 1689 1051 Soeietatis
1706 1017 1784 1051 col-

219 1074 364 1121 legium
395 1074 546 1110 institui
575 1074 940 1110 curat.-Bibonam
955 1074 1105 1121 invisit,
1135 1074 1321 1122 videtque
1351 1074 1597 1120 magnificam
1618 1086 1782 1122 gymna-

219 1133 267 1169 sii
285 1134 614 1170 substructionem
634 1134 674 1170 in
690 1134 775 1170 dies
793 1134 1362 1180 assurgentem-panormum
1375 1133 1490 1169 redit:
1506 1133 1647 1169 litteris
1667 1133 1780 1170 Sueri

217 1193 266 1228 de
284 1194 395 1239 Vega
411 1194 564 1239 cogitur
582 1200 624 1229 ut
647 1193 861 1240 Syracusas
879 1194 1004 1229 socios
1022 1198 1113 1229 ante
1139 1193 1411 1240 Septembrem
1431 1193 1572 1229 mittat.

907 1287 1014 1356 Ih7uS

236 1409 347 1463 Muy
369 1408 483 1451 Rdo.
509 1422 567 1451 en
588 1407 673 1452 Χ.ο
698 1407 859 1451 Padre.
882 1410 978 1451 Pax
1000 1406 1186 1459 Christi,
1210 1414 1300 1451 ete.
1335 1408 1426 1450 Por
1447 1414 1571 1450 carta
1591 1407 1666 1451 del
1689 1409 1778 1451 Pa—

138 1484 225 1528 dre
241 1484 332 1527 don
363 1485 506 1528 Paulo
537 1489 647 1528 aura
674 1484 919 1530 entendido
947 1486 1004 1528 V.
1039 1485 1092 1527 P.
1128 1485 1185 1527 de
1216 1483 1277 1526 mi
1309 1484 1483 1540 partida
1510 1484 1567 1527 de
1593 1488 1698 1540 aqui
1721 1486 1778 1528 de

149 1561 371 1604 Palermo:
397 1576 456 1617 yo
478 1563 542 1605 fui
569 1563 611 1605 al
633 1563 740 1619 sego
767 1563 782 1583 ⁹
811 1563 869 1605 de
895 1562 939 1605 la
967 1562 1142 1614 abadia,
1173 1577 1202 1617 y
1224 1561 1341 1605 halle
1368 1576 1458 1617 que
1485 1565 1587 1604 auia
1616 1575 1776 1606 neces-

144 1636 276 1681 sidad
297 1639 353 1683 de
375 1639 553 1696 alargar
582 1654 693 1683 vnos
715 1654 852 1696 pozos
873 1654 903 1696 y
924 1641 1060 1684 hazer
1083 1653 1195 1682 vnas
1215 1638 1534 1691 abreuadoras,
1560 1653 1668 1694 para
1688 1653 1777 1695 que

139 1714 189 1759 —el
210 1716 389 1771 ganado
406 1731 495 1771 que
516 1720 614 1760 esta
630 1732 687 1761 en
709 1717 749 1760 el
767 1717 873 1772 fego
895 1716 1094 1759 tuuiesse
1112 1719 1208 1759 mas
1223 1714 1538 1759 commodidad
1559 1716 1615 1758 de
1638 1730 1773 1772 agua.

148 1792 282 1835 Halle
302 1807 392 1836 vna
414 1794 568 1837 fuente
585 1807 673 1849 que
690 1808 838 1836 mana:
863 1794 922 1836 he
942 1793 1119 1836 dexado
1140 1793 1282 1836 orden
1303 1807 1392 1848 que
1413 1793 1486 1835 alli
1508 1806 1558 1835 se
1579 1794 1698 1850 haga
1715 1809 1776 1836 vn

135 1869 227 1912 abe
234 1876 425 1923 uerator3
443 1873 555 1922 mas,
575 1873 678 1913 auia
693 1869 959 1915 necessidad
980 1870 1038 1914 de
1053 1885 1115 1912 vn
1131 1872 1351 1927 magacen
1367 1884 1476 1926 para
1491 1870 1534 1913 el
1550 1869 1670 1926 trigo
1687 1884 1776 1926 que

146 1959 283 1988 sacan
311 1947 367 1990 de
394 1947 460 1990 las
489 1948 648 1999 fossas,
682 1962 710 2002 y
740 1947 932 2003 algunas
959 1960 1093 1991 vezes
1119 1961 1168 1990 se
1195 1946 1314 1990 bafia
1340 1961 1422 2003 por
1448 1961 1508 1989 no
1537 1954 1658 1990 estat
1676 1954 1777 1991 soto

145 2021 362 2066 cubierta.
392 2025 466 2066 He
487 2024 663 2067 dexado
691 2023 886 2067 tambien
916 2025 1056 2067 orden
1084 2038 1174 2079 que
1195 2038 1245 2067 se
1273 2024 1409 2079 haga,
1436 2037 1525 2079 que
1552 2037 1625 2066 me
1646 2023 1777 2067 dizen

141 2112 233 2153 que
254 2103 353 2142 sera
373 2100 453 2142 vtil
476 2115 585 2156 para
611 2101 654 2143 la
675 2101 835 2144 abadia
862 2113 949 2143 con
970 2100 1037 2143 las
1065 2099 1360 2143 crecimonias
1382 2114 1471 2155 que
1500 2115 1549 2144 se
1570 2104 1774 2144 sacaran.

145 2175 391 2230 Tomamos
409 2184 616 2221 nosotros
638 2178 680 2222 el
702 2178 808 2234 sego
830 2177 903 2220 del
924 2176 1175 2222 Setiembre
1196 2191 1286 2232 que
1306 2176 1439 2220 viene
1460 2191 1518 2220 en
1541 2180 1778 2233 compafiia

142 2252 217 2296 del
238 2254 376 2308 padre
397 2254 455 2296 de
474 2253 695 2307 Grifiano,
720 2255 762 2298 el
784 2254 890 2310 qual
910 2254 955 2297 lo
977 2257 1098 2298 tenia
1119 2254 1366 2298 arrendado
1388 2261 1510 2298 estos
1537 2260 1650 2298 anos
1671 2268 1774 2310 pas—

217 2421 228 2441 ¹
278 2420 337 2455 Ex
354 2419 532 2466 originali
549 2420 589 2455 in
607 2421 684 2455 vol.
705 2420 750 2463 F,
770 2419 926 2466 triplicii
943 2419 1050 2466 folio,
1069 2431 1112 2455 n.
1135 2428 1196 2466 47,
1214 2420 1320 2467 prius
1339 2419 1422 2465 235,
1438 2419 1522 2467 236,
1538 2419 1620 2465 237.

215 2481 229 2501 ²
279 2479 385 2527 Fego
400 2490 475 2515 vox
494 2483 554 2514 est
571 2478 608 2515 in
628 2479 700 2515 hac
718 2478 883 2526 epistola
900 2490 1018 2526 saepe
1034 2478 1208 2514 adhibita
1231 2491 1253 2515 a
1273 2480 1513 2516 Domenech:
1531 2491 1576 2515 ea
1595 2490 1707 2526 porro
1725 2478 1774 2514 si-

136 2537 318 2583 gnificari
336 2537 490 2574 videtur
508 2537 744 2573 territorium
768 2538 807 2573 in
823 2549 992 2584 genere,
1016 2549 1130 2584 ager,
1154 2543 1220 2574 aut
1243 2538 1407 2583 fundus,
1433 2543 1500 2573 aut
1522 2537 1640 2573 etiam
1667 2537 1772 2582 villa3

143 2597 254 2644 quasi
274 2597 451 2644 feudum
482 2598 675 2633 abbatiae.
708 2598 951 2633 Vocabulum
982 2602 1043 2633 est
1071 2597 1111 2633 in
1142 2597 1275 2633 Sicilia
1306 2603 1347 2633 et
1370 2598 1504 2633 Melita
1530 2602 1772 2644 usurpatum.

140 2655 278 2703 Itaque
295 2657 336 2692 in
352 2656 435 2693 Tit.
460 2665 530 2693 XIV
542 2686 551 2704 ,
570 2658 630 2692 De
648 2657 978 2704 Deputationibus
997 2662 1169 2692 statuum
1182 2685 1191 2703 ,
1209 2656 1413 2693 feudorum
1433 2662 1472 2692 et
1491 2656 1773 2692 territoriorum

138 2715 252 2761 regni
269 2714 439 2762 Siciliae,
458 2717 492 2763 ἓ.
516 2726 544 2762 1,
563 2716 750 2763 legimus:
782 2716 1007 2752 «Avendosi
1031 2727 1100 2763 per
1113 2715 1138 2751 l'
1161 2716 1419 2752 Illustrissimi
1443 2715 1598 2762 signori
1617 2715 1773 2762 Vicere,

138 2774 427 2820 Predeeessuri,
446 2787 515 2822 per
538 2776 575 2811 la
600 2777 729 2811 buona
758 2775 1094 2811 administratione
1119 2775 1213 2811 delli
1244 2775 1359 2821 Stati,
1374 2775 1556 2818 Baronie,
1582 2786 1604 2810 e
1634 2775 1772 2821 Feghi,

130 2833 353 2879 Territorii,
373 2833 422 2869 ed
439 2834 526 2869 altri
543 2835 663 2870 bene.
679 2861 707 2869 ..
725 2834 795 2870 fati
809 2834 954 2870 diversi
975 2835 1074 2880 Atti,
1095 2834 1145 2870 ed
1161 2833 1480 2872 Ordinationi...»
1495 2839 1573 2869 ete.
1591 2834 1641 2869 Et
1659 2833 1770 2869 infra:

139 2891 389 2928 «Solamente
405 2892 437 2928 si
457 2904 623 2940 possano
641 2899 807 2929 mettere
826 2893 864 2929 in
882 2893 1146 2941 Deputatione
1164 2895 1201 2929 le
1218 2894 1398 2935 Baronie,
1415 2893 1553 2939 Feghi,
1571 2892 1772 2929 Territorii

134 2956 179 2987 et
211 2951 299 2987 altri
329 2951 452 2999 predii
477 2951 549 2987 atti
567 2953 602 2987 al
621 2952 867 2988 seminario».
900 2952 1265 3000 Pragmaticarum
1292 2953 1411 3000 regni
1441 2952 1617 2996 Siciliae,
1654 2957 1683 2987 t.
1714 2960 1773 2998 111,

138 3027 235 3064 pag.
262 3016 446 3063 165,166.
