2060 3450
326 218 396 256 514
618 218 620 220 ·
824 210 1063 245 EPISTOLAE
1088 208 1376 255 Murrum-923

274 311 484 363 debeam,
510 326 535 354 a
556 311 693 367 longe
710 310 856 353 solum
874 325 974 355 eam
995 309 1194 354 videndo
1214 310 1242 352 ¹.
1264 309 1524 366 Aliquando
1540 310 1588 353 in
1604 309 1812 354 maximis
1828 311 1912 354 do—

272 387 447 431 loribus
470 394 596 431 tanto
618 387 880 430 abundabat
902 386 1085 443 gaudio,
1112 392 1161 428 vt
1183 400 1356 439 omnes,
1375 386 1453 442 qui
1469 386 1568 430 eius
1590 401 1744 431 curam
1767 387 1909 430 habe-

276 465 401 518 bant,
427 464 697 508 mirarentur
719 478 772 507 ac
793 463 839 506 in
861 462 1057 507 Domino
1080 469 1408 516 recrearentur,
1435 477 1594 508 omnes
1611 478 1637 507 a
1653 463 1810 506 mundi
1827 478 1909 506 va-

275 541 419 586 nitate
445 541 742 593 dehortando,
773 547 819 583 et
850 540 907 584 ad
936 538 1015 583 X.i
1041 531 1278 582 seruitium
1307 540 1577 593 exortando,
1609 554 1776 597 magno
1802 554 1943 603 cum.

276 618 444 661 fructu.

364 696 414 737 In
445 700 607 737 octaua
638 693 783 737 sancti
808 692 997 751 Joannis
1029 691 1252 749 appostoli
1283 699 1329 736 et
1366 692 1676 750 euangelistae
1713 693 1910 737 nuncius

272 771 470 814 mittitur
491 786 517 814 a
538 770 850 827 superioribus
871 769 1084 823 ciuitatis,
1110 769 1188 825 qui
1210 769 1319 813 mihi
1336 769 1557 814 indicaret
1573 785 1647 815 me
1663 770 1830 815 debere
1845 770 1912 814 ci-

276 848 419 891 uitate
439 847 577 901 exire3
604 848 683 891 sed
705 862 797 890 non
819 846 995 891 inuenit
1016 861 1104 900 me;
1130 845 1349 890 inuitatus
1371 846 1491 891 enim
1514 861 1636 891 eram
1665 861 1692 890 a
1717 847 1925 903 quodam¹

274 923 433 977 nobili,
458 924 535 979 qui
557 923 839 980 imperatoris
861 924 1012 966 locum
1029 922 1306 980 Nouiomagi
1327 930 1469 977 tenet,
1494 923 1572 979 q‘ui
1601 924 1658 967 de
1687 919 1914 968 Societate

276 1002 395 1045 bene
416 1001 570 1054 sentit3
596 1007 642 1043 et
663 1002 720 1044 ad
742 1000 853 1044 alios
874 1001 1027 1056 plures
1048 1006 1253 1052 vocatus,
1279 999 1461 1056 iniquos
1488 1001 1546 1045 de
1574 1007 1729 1044 nostra
1757 1000 1914 1051 Socie-

275 1084 372 1121 tate
392 1077 649 1120 informaui.
683 1077 841 1121 Altera
868 1077 957 1129 die,
983 1091 1125 1132 quum
1157 1083 1361 1121 extrema
1387 1077 1541 1120 vnctio
1571 1076 1739 1134 virgini
1766 1077 1922 1126 danda.

276 1161 397 1206 erat,
433 1153 597 1197 iterum
631 1153 825 1196 mittitur
858 1152 1077 1205 nuncius,
1109 1153 1190 1197 sed
1218 1167 1313 1196 non
1346 1153 1565 1209 loquebar
1597 1152 1662 1208 ei,
1692 1153 1758 1197 sic
1793 1153 1912 1198 enim

277 1231 577 1275 consulebant
599 1230 745 1274 amici.
769 1232 1016 1286 Postquam
1033 1229 1164 1286 virgo
1180 1228 1270 1272 iam
1287 1236 1538 1273 extremam
1554 1229 1814 1275 Vnctionern
1830 1230 1922 1274 de-.

282 1313 388 1351 uote
405 1307 670 1363 accepisset,
683 1307 835 1350 locuta
852 1313 922 1351 est
937 1306 1108 1349 dicens:
1124 1305 1311 1362 Optime
1324 1306 1413 1349 iam
1429 1306 1474 1348 in
1489 1306 1686 1350 Domino
1701 1313 1915 1351 contenta

276 1390 327 1429 et
349 1385 583 1427 consolata
604 1398 722 1436 sum,
747 1383 854 1428 licet
875 1398 1004 1427 meus
1027 1383 1165 1426 frater
1187 1382 1438 1426 rationibus
1461 1390 1506 1428 et
1535 1398 1634 1428 mea
1655 1383 1925 1428 infirmitate—

281 1460 456 1504 moueri
477 1476 569 1503 non
600 1460 813 1517 potuerit;
840 1475 973 1516 spero
1002 1460 1123 1516 quod
1150 1474 1252 1504 mea
1279 1467 1423 1503 morte
1452 1459 1813 1504 commouebitur
1839 1475 1918 1504 cor

282 1537 399 1591 eius,
425 1544 471 1582 et
492 1537 612 1581 sicut
636 1537 722 1580 fuit
743 1536 1045 1590 aduersarius,
1065 1537 1189 1592 quod
1210 1536 1272 1580 ita
1294 1537 1372 1580 fiet
1392 1544 1609 1593 patronus
1630 1551 1684 1580 ac
1704 1537 1919 1582 defensor

283 1614 547 1667 Societatis,
582 1615 908 1658 commendans
935 1628 985 1658 se
1012 1614 1145 1658 vnice
1178 1613 1457 1657 orationibus
1476 1614 1629 1658 'totius
1658 1613 1912 1659 Societatis.
1942 1617 1945 1620 ’
2007 1659 2011 1666 ,

285 1692 414 1735 Haec
432 1691 615 1734 fuerunt
630 1690 788 1734 Vltima
805 1691 958 1744 verba,
971 1704 1088 1746 quae
1103 1691 1159 1734 ab
1177 1704 1231 1733 ea
1247 1689 1418 1733 audiui.
1436 1689 1613 1735 Deinde
1623 1690 1785 1734 diebus
1801 1705 1914 1746 qua-

283 1774 388 1811 tuor
415 1766 643 1811 continuis
670 1781 762 1810 non
789 1767 1037 1823 loquendo,
1070 1766 1309 1823 agonisare
1336 1767 1506 1823 coepit,
1538 1766 1600 1810 ita
1627 1774 1677 1809 vt
1705 1766 1914 1810 omnibus

282 1851 406 1888 esset
428 1844 649 1900 exemplo.
672 1842 862 1886 Plurimi
884 1838 982 1887 eam
999 1842 1261 1897 visitabant,
1282 1843 1489 1898 famaque
1506 1843 1732 1900 spargitur
1749 1858 1827 1899 per
1844 1850 1913 1886 to-

286 1928 378 1964 tam
401 1920 650 1972 ciuitatem,
676 1920 918 1975 quomodo,
944 1934 1001 1964 ex
1022 1919 1389 1963 tribulationibus
1411 1925 1457 1964 et
1478 1919 1703 1976 angustiis
1730 1935 1756 1963 a
1778 1921 1918 1965 fratre

285 1997 373 2041 sibi
396 1996 542 2050 factis,
567 1996 786 2039 moriatur
806 1996 953 2053 virgo.
980 1998 1050 2050 4.Ο
1072 1995 1161 2049 die,
1182 1995 1259 2051 qui
1282 2002 1379 2040 erat
1398 1994 1468 2051 3³²
1487 1995 1596 2039 feria
1612 2002 1714 2052 post
1731 1996 1918 2053 epipha-

286 2074 408 2118 niam
424 2073 624 2127 Domini,
639 2072 768 2115 finito
784 2087 929 2127 sacro,
951 2080 1227 2129 acceptaque
1243 2072 1542 2126 absolutione,
1560 2072 1689 2130 virgo
1706 2073 1942 2130 migrauit..

287 2151 346 2194 ad
378 2149 641 2194 Dominum.
681 2151 752 2203 4³³
791 2149 901 2194 feria
938 2149 1153 2206 sepelitur
1190 2148 1236 2191 in
1274 2150 1441 2205 templo
1473 2150 1662 2193 fratrum
1693 2149 1920 2194 minorum

288 2242 455 2284 magna
477 2241 582 2270 cum
604 2226 757 2283 populi
780 2226 1034 2282 frequentia
1061 2241 1113 2270 ac
1142 2226 1400 2278 deuotione,
1426 2233 1522 2271 erat
1548 2226 1668 2270 enim
1690 2242 1745 2271 ex
1766 2227 1921 2283 primis

282 2303 504 2356 ciuitatis,
528 2303 776 2359 vinumque
804 2304 1032 2359 exemplar
1052 2302 1262 2347 omnibus
1284 2302 1527 2359 patientiae
1548 2310 1685 2359 atque
1705 2317 1918 2360 perseue-

290 2381 462 2425 rantiae
485 2380 532 2423 in
553 2382 673 2423 bono
696 2395 839 2436 Vsque
859 2380 907 2423 in
928 2381 1080 2424 finem.

381 2459 551 2501 Eodem
578 2457 675 2510 die,
710 2457 957 2500 amicorum
986 2457 1196 2510 consilio,
1228 2471 1332 2500 cum
1367 2457 1522 2501 amicis
1556 2457 1782 2514 plurimis,
1814 2472 1918 2501 cum

288 2534 469 2591 'hospite
493 2549 612 2587 meo,
638 2548 742 2577 cum
765 2534 1022 2590 praeposito
1051 2541 1097 2579 et
1125 2534 1396 2578 scholastico
1418 2534 1619 2578 eiusdem
1648 2534 1848 2591 capituli,
1874 2541 1920 2579 et

290 2626 396 2654 cum
419 2611 518 2654 aliis
540 2611 767 2654 nobilibus
789 2618 834 2655 et
856 2611 1012 2655 amicis
1041 2611 1209 2664 multis,
1236 2612 1293 2654 ad
1314 2611 1498 2654 domum
1526 2612 1764 2655 consulum
1786 2612 1918 2664 vado,

292 2687 356 2730 ibi
379 2688 498 2732 enirn
524 2695 670 2731 totum
693 2688 931 2731 consilium
953 2703 1024 2732 me
1040 2689 1324 2745 expectabat,
1344 2688 1388 2730 in
1407 2702 1599 2743 quorum
1615 2688 1842 2744 presentia
1859 2687 1924 2731 sic

293 2765 417 2820 loqui
448 2765 631 2821 incipio:
664 2765 868 2809 Intellexi
896 2764 1151 2821 superiores
1179 2764 1313 2808 huius
1347 2764 1543 2809 ciuitatis
1570 2764 1745 2808 misisse
1768 2765 1825 2808 ad
1853 2780 1925 2809 me

294 2842 537 2895 nuncium,
570 2841 647 2897 qui
677 2841 786 2884 mihi
818 2841 987 2886 diceret
1021 2848 1173 2886 vestro
1207 2841 1410 2895 nomine,
1441 2857 1513 2887 me
1541 2843 1706 2886 debere
1741 2841 1925 2886 ciuitate

372 3011 382 3030 ¹
434 3010 629 3044 DEUTER.
655 3017 784 3056 xxxn,
804 3016 862 3053 52.
1423 2992 1439 3009 ⁶
