2054 3496
0 0 198 34 *W*
303 0 327 13 -··
394 0 397 4 ’

779 306 822 343 14
848 297 1049 344 JANUARn
1078 304 1169 342 1554
1694 297 1741 344 35

914 522 1029 562 253

693 605 1016 644 LEONARDUS
1044 573 1240 642 KEJSSEL

524 691 708 735 PATRI
740 691 1006 735 IGNATIO
1038 691 1122 734 DE
1154 690 1414 734 LOYOLA

660 788 845 816 COLON1A
866 788 909 825 14
925 788 1120 823 JANUARII
1142 787 1231 824 1554
1253 781 1279 814 ¹.

150 864 324 912 Epistola
337 862 828 911 quadrimestris.—Pestis
842 863 1029 900 Coloniae
1047 862 1220 898 sedatur:
1241 862 1350 898 cives
1368 862 1408 898 in
1428 862 1566 897 urbem
1588 866 1792 897 revertun-

222 925 481 960 tur.—Bonus
507 923 716 959 Societatis
740 923 837 969 Jesu
861 922 1143 958 odon-Prior
1168 922 1401 958 Carthusiae
1431 921 1561 958 studia
1586 921 1793 957 instaurari

222 983 343 1031 cupit:
363 983 476 1019 nobis
493 982 614 1018 favet:
640 982 808 1029 collegio
832 994 991 1018 romano
1015 981 1417 1029 opitulatur.-Dives
1435 981 1593 1029 quidam
1611 980 1710 1016 civis
1728 980 1793 1016 do-

224 1055 330 1079 mum
354 1043 543 1078 Societati
568 1042 660 1078 dare
684 1042 865 1078 intendit:
892 1042 972 1087 alii,
997 1042 1155 1088 ingenio
1180 1047 1439 1089 praestantes,
1466 1041 1595 1077 eidem
1620 1052 1662 1076 se
1687 1040 1792 1087 ipsos

223 1102 539 1141 dant.—Reatus
562 1113 652 1138 suos
682 1102 930 1148 confitentes,
947 1102 1134 1138 natalitiis
1162 1102 1383 1137 Servatoris
1410 1103 1527 1148 Jesu,
1559 1112 1580 1136 a
1611 1099 1794 1136 Kesselio

223 1162 364 1199 auditi.
376 1162 627 1197 ——Adventus
645 1160 812 1200 Oliverii
830 1161 947 1196 sociis
965 1161 1257 1197 coloniensibus
1273 1161 1536 1207 gratissimus:
1552 1171 1641 1195 cum
1656 1171 1703 1195 eo
1721 1159 1793 1194 Lo-

223 1222 381 1258 vanium
409 1221 613 1257 Kesselius
643 1220 756 1268 petit:
794 1220 886 1256 inde
919 1220 1096 1265 rediens,
1131 1220 1381 1256 candidatum
1415 1219 1625 1256 Societatis
1659 1230 1794 1254 secum

217 1281 350 1318 ducit.

962 1358 983 1392 †

918 1396 1017 1453 Jhs.

241 1484 400 1529 Gratia
437 1491 483 1528 et
519 1498 608 1540 pax
646 1483 724 1528 X.i
758 1484 928 1528 domini
961 1484 1019 1528 sit
1050 1499 1228 1540 semper
1260 1498 1365 1528 cum
1398 1482 1608 1527 omnibus
1642 1481 1790 1525 nobis.

153 1563 316 1607 Amen.
333 1561 442 1605 R.de
458 1562 472 1582 ²
488 1561 535 1605 in
553 1563 638 1605 Χ.ο
655 1563 806 1606 Pater.
824 1561 1028 1607 Peractis
1039 1575 1067 1616 4
1084 1561 1210 1606 hisce
1226 1561 1472 1614 mensibus,
1491 1559 1647 1617 paucis
1662 1561 1715 1603 P.
1734 1560 1793 1603 V.

154 1638 382 1696 explicare
415 1639 614 1682 conabor
649 1653 737 1694 que
764 1638 988 1682 Dominus
1018 1645 1110 1695 opt.
1144 1654 1263 1682 max.
1297 1637 1486 1682 Colonie
1515 1635 1691 1693 operari
1727 1635 1797 1678 di-

155 1723 324 1774 gnatus
340 1723 424 1759 est.
443 1715 662 1772 Inprimis
676 1715 816 1772 pestis
832 1716 1050 1760 Coloniae
1072 1717 1227 1760 sedata
1249 1722 1332 1760 est:
1359 1716 1474 1759 solet
1496 1714 1615 1759 enim
1637 1712 1798 1756 Domi-

155 1808 242 1837 nus
259 1799 364 1850 post
386 1799 702 1849 tempestatem
726 1792 1018 1849 tranquillum
1042 1793 1213 1837 facere³
1235 1828 1244 1836 .
1272 1792 1490 1848 Populus,
1518 1790 1594 1846 qui
1616 1796 1800 1846 propter

154 1876 328 1927 pestem
351 1870 548 1926 fugerat,
574 1869 662 1913 iam
685 1869 944 1923 reuertitur,
971 1869 1048 1926 qui
1071 1871 1188 1914 bene
1217 1884 1328 1927 erga
1350 1883 1433 1912 nos
1455 1869 1647 1911 affectus
1669 1873 1739 1910 est
1762 1866 1795 1920 ἰ;

155 1949 304 1992 bonus
326 1947 446 1992 enirn
469 1948 580 1990 odor
602 1946 782 2004 collegii
804 1947 978 1990 romani
1001 1947 1242 1992 Societatis
1263 1947 1338 1990 hic
1359 1947 1450 1990 late
1474 1944 1720 2002 spargitur,
1748 1951 1797 1987 et

155 2040 181 2068 a
202 2024 405 2081 plurimis
427 2024 500 2067 hic
524 2024 626 2085 talis
648 2025 810 2067 modus
833 2025 1057 2068 tractandi
1079 2024 1229 2068 studia
1249 2031 1433 2081 optatur
1455 2022 1665 2066 maxime.
1687 2023 1798 2066 Stu—

154 2101 228 2146 dia
256 2101 376 2145 enim
404 2101 479 2145 hic
508 2108 748 2158 tepescunt
776 2101 821 2144 in
852 2101 970 2154 dies,
1002 2109 1048 2145 et
1079 2101 1256 2145 malicia
1284 2101 1613 2145 incrementum
1642 2098 1797 2142 sumit.

156 2181 311 2235 Quare
333 2180 475 2222 Rdus.
503 2181 639 2224 Pater
666 2179 787 2236 prior
817 2180 1045 2229 carthusie
1078 2181 1111 2232 ⁵,
1144 2180 1321 2223 fauctor
1349 2186 1506 2222 noster
1534 2175 1797 2234 singularis,

154 2255 530 2312 supplicationem
552 2256 717 2299 obtulit
738 2257 932 2311 senatui,
958 2257 1342 2313 quemadmodum
1370 2255 1481 2298 mihi
1504 2253 1722 2307 narrauit,
1748 2259 1798 2294 vt

155 2332 326 2389 aliquot
355 2339 519 2382 nostre,
536 2333 777 2377 Societatis
804 2321 978 2389 petant,
1011 2347 1090 2390 per
1118 2347 1232 2389 quos
1261 2331 1593 2376 coloniensium
1623 2329 1801 2386 perdita

156 2409 328 2463 studia,
361 2410 648 2454 iuuentutem
677 2424 937 2466 peruersam
974 2410 1357 2468 religionemque,
1391 2423 1480 2465 que
1510 2409 1572 2466 (vt
1602 2408 1804 2451 fatentur

230 2584 240 2604 ¹
292 2582 350 2617 Ex
367 2583 607 2629 autographo
625 2581 666 2618 in
683 2583 762 2620 vol.
782 2583 828 2629 E,
849 2582 982 2630 sesqui
1001 2582 1109 2630 folio,
1129 2594 1168 2618 n.
1192 2590 1273 2628 115,
1293 2581 1400 2629 prius
1419 2579 1506 2626 234.

227 2643 242 2663 ²
292 2641 366 2676 Ms.
386 2642 484 2676 R.d0

227 2701 242 2721 ⁵
291 2701 396 2736 ΤΟΒ.
426 2710 482 2746 111,
514 2702 698 2737 22.—De
728 2708 860 2748 peste,
899 2713 999 2749 quae
1027 2700 1214 2738 Coloniae
1243 2701 1517 2747 grassabatur,
1549 2702 1670 2744 agunt
1699 2696 1800 2732 Litt-

160 2759 337 2804 Quadr„
357 2765 383 2795 t.
405 2769 447 2807 u,
466 2772 559 2807 pag.
582 2768 666 2806 475,
686 2762 905 2806 POLANco,
925 2767 954 2796 t.
974 2770 1031 2807 111,
1050 2771 1140 2808 pag.
1160 2760 1244 2807 265,
1263 2773 1307 2796 n.
1331 2768 1415 2806 591,
1436 2759 1593 2804 aliique.

228 2817 245 2838 ⁴
293 2819 486 2866 «Populus
504 2820 615 2856 initio
633 2820 748 2868 hujus
762 2820 853 2857 anni
871 2832 1053 2856 reversus
1067 2820 1224 2867 quidem
1239 2825 1314 2866 est,
1330 2819 1399 2855 sed
1414 2830 1503 2854 curn
1517 2817 1642 2852 adhuc
1657 2826 1797 2850 manus

159 2876 318 2912 Domini
334 2884 440 2915 esset
458 2885 632 2926 extenta,
650 2881 722 2916 hoc
740 2880 857 2916 etiam
876 2892 977 2916 anno
995 2880 1119 2927 [1554]
1138 2879 1262 2926 pestis
1288 2878 1419 2924 rediit,
1446 2883 1486 2913 et
1510 2877 1563 2912 ita
1588 2875 1728 2911 fratres
1753 2874 1792 2909 in

159 2936 266 2973 varia
282 2938 368 2973 loca
381 2943 491 2974 extra
508 2939 712 2975 Coloniam
730 2940 901 2986 [Kessel‚
919 2939 1213 2976 coloniensibus
1232 2938 1347 2974 sociis
1375 2935 1610 2985 praefectus]
1628 2934 1800 2969 destina-

158 2996 272 3031 bat.»
291 2996 509 3043 POLANCO,
530 3003 558 3034 t.
579 3007 635 3044 iv,
655 3010 747 3046 pag.
773 2998 856 3044 269,
878 3012 915 3034 n.
938 3007 1023 3044 577.

230 3056 244 3077 ⁵
294 3055 492 3092 Laudatus
517 3067 635 3104 saepe
665 3058 705 3093 in
730 3058 791 3094 his
810 3057 1331 3105 MONUMENTIS,Gerardus
1350 3057 1622 3092 Hamontanus
1640 3053 1800 3098 (Kalck-

162 3114 365 3158 brenner).
