2060 3432
276 223 349 270 632
766 221 1005 257 EPISTOLAE
1035 219 1323 266 Murra—957

994 455 1110 496 95⁷

688 540 928 588 JOANNES
954 539 1130 577 NUNES
1155 538 1402 577 BARRETO

602 620 788 663 PATRI
819 618 1080 662 IGNATIO
1112 618 1195 661 DE
1226 617 1485 662 LOYOLA

768 714 989 742 OLISIPONE
1013 715 1036 751 4
1059 714 1157 753 MAJI
1184 713 1273 750 1555
1299 704 1325 741 ¹.

231 786 415 834 Propriae
435 783 683 821 demissionis
707 795 826 819 sensu
855 782 1109 830 patriarchale
1126 793 1245 828 onus,
1269 782 1372 829 quod
1392 782 1428 818 ei
1446 781 1670 829 imponitur,
1687 781 1863 818 reformi-

303 846 420 881 dat.-
433 844 670 883 Obedientia
687 848 832 888 tamen,
851 854 967 890 quam
984 842 1024 878 in
1041 842 1192 878 deliciis
1210 843 1342 886 habet,
1357 841 1862 888 sustentatur.-Scrupulis

306 904 539 953 quibusdam
564 902 737 949 angitur:
763 902 883 938 dubia
903 901 1097 949 proponit,
1122 902 1245 948 plura,
1265 912 1353 936 eum
1372 905 1525 948 tempus
1543 901 1686 937 habeat
1698 928 1708 947 ,
1725 911 1865 948 propo-

304 964 467 1000 siturus.

1030 1037 1052 1072 †

996 1075 1094 1132 Jhs.

324 1172 437 1215 Rdo.
473 1169 519 1213 in
547 1171 666 1226 Xpo.
701 1170 862 1214 Padre.
895 1171 938 1214 A
964 1184 1141 1214 summa
1167 1184 1306 1227 graea
1332 1169 1390 1212 de
1421 1167 1507 1212 X.⁰
1534 1182 1669 1212 nosso
1695 1169 1863 1213 senhor

234 1263 362 1292 more
384 1262 455 1292 em
477 1261 612 1290 nosas
634 1247 788 1290 almas.
816 1248 996 1303 Porque
1016 1261 1044 1290 o
1067 1247 1214 1291 Padre
1235 1252 1400 1291 mestre
1422 1245 1570 1290 Miron
1585 1259 1822 1290 escreuera
1836 1259 1863 1288 a

233 1326 292 1370 V.
320 1326 373 1368 P.
398 1325 695 1381 largamente,
719 1338 744 1367 e
766 1338 845 1380 per
866 1338 894 1366 0
915 1337 1071 1367 correo
1093 1330 1213 1368 estar
1234 1324 1341 1380 logo
1362 1337 1470 1380 pera
1491 1321 1630 1379 partir
1651 1337 1677 1367 e
1698 1322 1863 1365 andar-

232 1416 333 1445 mos
354 1402 410 1444 de
431 1401 588 1453 bodas,
613 1400 730 1444 serei
749 1406 878 1445 nesta
898 1400 1010 1444 mais
1031 1401 1172 1445 breue
1193 1400 1251 1444 do
1274 1414 1362 1457 que
1384 1415 1410 1444 a
1430 1398 1617 1443 materia
1644 1413 1671 1442 o
1701 1412 1865 1454 reque-

234 1478 316 1521 ria.
341 1479 467 1522 Noso
490 1478 669 1522 Senhor
689 1490 840 1533 pague
860 1492 887 1520 a
903 1478 962 1521 V.
989 1478 1041 1520 P.
1064 1491 1092 1520 o
1114 1476 1307 1520 cuidado
1324 1491 1412 1533 que
1429 1484 1534 1520 teue
1549 1489 1622 1521 em
1644 1476 1765 1520 fazer
1785 1489 1867 1520 ver

231 1561 355 1598 estas
375 1554 522 1597 bullas
543 1568 644 1597 com
666 1554 840 1609 grande
867 1561 1116 1610 augmento
1143 1555 1198 1597 de
1226 1568 1379 1610 graea.
1407 1555 1591 1610 Porque
1621 1551 1754 1596 ainda
1777 1565 1866 1608 que

232 1633 356 1675 Deos
389 1631 498 1675 sabe
529 1637 700 1687 quanto
727 1645 799 1674 me
826 1637 955 1674 custa
983 1631 1210 1674 trabalhar
1236 1644 1337 1674 com
1365 1630 1519 1673 minha
1548 1630 1746 1674 vontade
1775 1643 1864 1685 que

235 1713 323 1751 nao
345 1722 453 1764 saya
474 1708 531 1751 da
558 1706 838 1763 obedieneia,
867 1722 950 1764 por
971 1714 1091 1751 estar
1116 1714 1207 1750 tam
1228 1707 1452 1751 contraria
1479 1722 1505 1750 a
1532 1713 1652 1752 estas
1673 1708 1863 1750 honrras

235 1800 327 1841 que
348 1800 374 1828 a
395 1787 560 1828 menha
586 1799 636 1829 se
663 1799 735 1829 me
762 1784 981 1838 ordenao‚
1012 1798 1100 1840 que
1122 1789 1199 1827 sao
1221 1799 1328 1840 pera
1349 1783 1455 1826 mim
1479 1785 1618 1827 huma
1638 1797 1747 1827 cruz
1768 1782 1862 1826 mui

235 1862 427 1919 grande,
451 1866 540 1905 nao
563 1861 696 1906 deixo
718 1861 774 1904 de
795 1863 1018 1917 conheeer
1039 1876 1066 1904 o
1088 1861 1185 1904 zelo
1206 1861 1263 1905 de
1284 1861 1342 1904 V.
1370 1863 1442 1914 P.,
1467 1875 1493 1904 e
1516 1875 1604 1916 que
1620 1859 1753 1904 ainda
1772 1874 1863 1915 que

236 1953 309 1982 me
326 1946 599 1994 acreeentou
617 1945 707 1981 tam
724 1938 897 1994 grande
913 1938 1103 1994 periguo
1124 1938 1180 1981 de
1202 1937 1355 1980 minha
1376 1938 1601 1993 saluaeao,
1625 1951 1676 1980 se
1691 1941 1779 1980 nao
1795 1937 1863 1980 for

236 2030 265 2059 o
288 2029 376 2071 que
398 2016 532 2069 deuo,
558 2029 647 2071 que
667 2029 739 2058 me
761 2015 850 2059 deu
871 2014 1059 2059 materia
1080 2015 1136 2058 de
1152 2013 1296 2058 muito
1317 2028 1532 2070 mereeer.
1558 2015 1602 2058 A
1619 2013 1726 2056 mim
1743 2020 1865 2058 terno

236 2092 350 2136 mais
372 2106 460 2148 que
482 2106 560 2135 aos
582 2091 817 2135 demonios
838 2093 897 2138 do
918 2091 1094 2135 inferno
1116 2106 1141 2135 e
1158 2106 1184 2135 a
1200 2092 1307 2134 todo
1323 2105 1350 2134 o
1368 2092 1552 2145 mundo,
1573 2106 1599 2135 e
1612 2105 1795 2146 arreeeo
1810 2090 1868 2135 de

238 2184 364 2214 errar
386 2184 457 2214 em
480 2183 642 2213 cousas
658 2176 749 2213 tam
766 2169 963 2226 grandes
979 2182 1110 2212 como
1127 2183 1199 2213 me
1214 2168 1363 2212 deitao
1380 2183 1406 2211 a
1422 2169 1614 2212 menhaa
1635 2182 1684 2211 as
1700 2174 1865 2221 costas,

238 2245 345 2289 cuio
365 2260 466 2290 erro
485 2261 566 2303 por
587 2260 795 2303 pequeno
817 2259 906 2301 que
927 2246 1021 2302 seja
1041 2247 1100 2289 he
1121 2245 1215 2288 mui
1237 2246 1426 2302 grande,
1452 2260 1478 2289 e
1498 2244 1563 2288 sei
1585 2259 1672 2301 que
1695 2259 1766 2288 ars
1794 2259 1867 2287 ar-

239 2322 370 2376 tium,
401 2322 590 2366 scientia
621 2322 910 2366 scientiarum
947 2322 1152 2380 regimen
1188 2322 1454 2375 animarum,
1488 2335 1618 2365 como
1650 2320 1722 2364 diz
1756 2323 1866 2365 hum

241 2407 365 2443 texto
387 2414 470 2443 nos
493 2414 689 2444 canones
711 2400 743 2442 ².
769 2401 914 2444 Darne
935 2400 1108 2457 grande
1129 2400 1328 2445 saudade
1343 2414 1370 2442 a
1386 2413 1551 2455 segura
1568 2399 1761 2455 pobresa
1777 2412 1865 2454 que

239 2491 313 2521 em
335 2477 519 2534 alguma
538 2476 736 2520 maneira
763 2476 910 2530 deixo,
942 2490 968 2520 e
995 2491 1022 2520 o
1049 2477 1161 2532 doee
1187 2476 1298 2533 iugo
1319 2476 1376 2519 da
1407 2474 1669 2531 obedieneia
1689 2475 1746 2519 de
1777 2488 1867 2531 que

237 2553 391 2610 aliquo
412 2555 546 2597 modo
568 2568 650 2597 sou
671 2553 875 2610 priuado.
907 2553 1134 2611 Afligeme
1162 2568 1190 2597 o
1216 2557 1404 2609 coraeao
1432 2567 1458 2595 a
1483 2552 1868 2597 bemauenturada

240 2629 459 2686 abieieao,
486 2631 780 2674 fundamento
802 2631 859 2675 de
881 2632 1012 2674 todas
1034 2645 1083 2674 as
1100 2630 1302 2674 virtudes
1319 2643 1408 2685 que
1424 2644 1496 2673 me
1512 2642 1694 2684 compre
1715 2628 1869 2685 algum

313 2785 324 2806 ¹
374 2784 433 2819 Ex
451 2784 690 2830 autographo
708 2782 748 2819 in
766 2784 845 2819 vol.
865 2784 909 2829 F,
929 2782 1172 2831 sesquifoli0‚
1190 2795 1230 2820 n.
1254 2782 1333 2828 131,
1350 2782 1455 2829 prius
1474 2781 1561 2817 606.

311 2844 325 2865 ²
376 2842 466 2878 S'r1.
502 2842 711 2879 GREGORH
729 2843 869 2878 MAGN.
897 2843 997 2891 Reg.
1017 2842 1141 2890 officii
1160 2842 1396 2890 pastoralis,
1423 2852 1508 2887 cap.
1538 2849 1565 2885 13
1597 2841 1716 2876 Decr.
1738 2840 1867 2888 Greg.

240 2901 309 2937 lib.
329 2910 357 2947 1,
376 2900 442 2937 tit.
474 2909 560 2946 xlv,
578 2912 664 2948 cap.
699 2910 755 2946 14.
786 2901 886 2937 Vide
913 2913 1042 2948 supra,
1073 2901 1192 2948 epist.
1223 2900 1307 2947 857,
1329 2910 1418 2947 pag.
1444 2898 1529 2945 334,
1555 2899 1622 2935 ubi
1640 2899 1758 2935 etiam
1775 2900 1872 2935 haec

240 2961 361 2996 verba
377 2960 564 2996 citantur.
583 2961 643 2996 Ibi
658 2972 750 2996 vero
768 2972 970 3007 perperam
988 2971 1057 3008 pro
1077 2960 1137 2996 tit.
1157 2968 1243 3006 xlv,
1271 2958 1322 2996 Ut
1340 2958 1509 3004 abbates,
1527 2958 1683 3005 ponitur
1700 2967 1785 3004 xix,
1804 2957 1871 3006 qui

243 3020 400 3055 unicum
413 3025 530 3067 caput
547 3020 679 3055 habet.
