2060 3432
779 259 825 286 22
850 250 1115 287 δεῖνι-1111135115
1143 257 1234 295 1555
1706 250 1777 287 863

179 353 353 397 barcha
380 352 426 396 di
458 352 628 407 Pietro,
667 352 769 397 anci
800 352 951 409 quella
986 352 1211 396 cercando
1249 351 1295 395 di
1322 366 1647 410 sommergere,
1682 353 1824 397 molto

183 429 551 487 maggiormente
571 429 609 474 si
630 444 744 473 sono
774 436 954 473 trouato
980 428 1026 472 in
1055 428 1253 472 alciarla.
1278 428 1367 473 Gia
1388 444 1481 473 non
1501 429 1600 474 diro
1621 430 1664 475 13
1690 444 1822 488 mag-

183 506 288 564 gior
309 514 437 563 parte
458 507 622 552 essersi
644 506 855 550 raueduti
875 505 938 549 dil
958 520 1044 550 suo
1066 506 1172 550 fallo
1198 512 1245 549 et
1265 506 1354 550 del'
1387 507 1560 551 astucie
1581 506 1818 561 diabolice;

187 598 263 627 ma
282 584 420 628 credo
441 599 536 627 non
557 598 708 628 essere
738 583 816 641 gia
835 583 913 640 piu
933 583 1114 636 alcuno,
1144 584 1229 627 che
1250 597 1343 626 non
1370 583 1437 627 sia
1463 583 1581 629 bene
1610 583 1822 628 edificato

185 661 307 706 della
333 661 632 718 Compagnia,
664 668 710 706 et
738 661 888 716 quella
914 674 1007 704 non
1032 659 1196 704 honori
1223 666 1270 704 et
1297 660 1477 718 preggi.
1509 662 1567 704 Et
1595 668 1757 717 questo
1783 661 1821 705 si

187 739 305 783 uede
340 745 649 794 apertamente
685 738 743 781 da
771 736 1111 782 euidentissime
1147 737 1378 794 raggioni,
1416 737 1708 795 imperhoche
1745 738 1823 795 gia

182 829 312 868 sono,
338 815 489 868 credo,
515 814 715 859 reuocati
737 813 844 858 tutti
864 813 896 857 li
918 814 1126 867 scholari,
1151 829 1178 858 e
1199 814 1322 870 quali
1337 828 1476 859 erano
1497 814 1548 858 iti
1564 816 1635 859 col
1652 823 1821 859 mastro

183 898 341 949 pasato
362 906 449 935 con
471 891 564 936 asai
586 893 656 935 lor
677 892 912 945 scomodo,
937 906 1011 935 ma
1032 891 1130 935 acio
1151 906 1243 935 non
1265 891 1303 935 si
1331 891 1566 948 piegasino
1594 893 1683 936 mai
1710 907 1820 937 aue—

181 968 281 1014 nire
302 969 344 1012 al
365 976 520 1012 nostro
542 968 786 1026 coueggioz
811 978 857 1014 et
876 968 922 1012 di
944 969 1015 1013 cio
1044 968 1150 1011 tutti
1177 983 1260 1012 son
1289 969 1378 1012 mal
1405 969 1630 1022 contenti,
1659 970 1820 1014 etiam-

181 1045 258 1089 dio
279 1046 351 1102 pel
374 1046 529 1099 frutto,
556 1047 705 1102 qualle
727 1045 798 1089 sin
825 1048 939 1090 hora
966 1046 1005 1090 si
1031 1047 1057 1089 6
1089 1046 1208 1089 uisto
1240 1045 1286 1089 in
1317 1047 1361 1090 13
1388 1046 1598 1103 maggior
1626 1054 1752 1103 parte
1774 1047 1820 1090 di

184 1123 323 1179 quelli
345 1137 457 1166 sono
480 1123 638 1167 uenuti
659 1124 718 1167 da
738 1123 830 1166 noi.
856 1124 988 1167 Oltra
1008 1122 1054 1166 di
1077 1130 1254 1179 questo,
1274 1138 1324 1167 sa
1340 1124 1398 1167 V.
1419 1125 1473 1167 R.
1494 1125 1579 1168 che
1596 1139 1675 1180 per
1690 1126 1816 1178 hora,

186 1214 279 1243 non
311 1201 523 1243 hauendo
559 1202 733 1244 hauuto
769 1201 903 1244 luoco
940 1207 1071 1257 tropo
1107 1201 1316 1253 comodo,
1356 1200 1498 1244 siamo
1536 1200 1691 1244 testati
1727 1201 1820 1245 3531

185 1276 335 1322 stretti
357 1276 403 1319 di
424 1276 608 1331 chiesia;
633 1291 708 1321 ma
733 1284 894 1332 questo
921 1291 1013 1321 non
1041 1279 1099 1320 ha
1130 1284 1310 1334 potutto
1336 1278 1517 1321 obstare
1549 1279 1634 1322 che
1661 1292 1754 1321 non
1781 1279 1819 1322 si

184 1353 417 1409 esequisse
439 1355 482 1398 la
513 1353 747 1399 diuotione
774 1355 831 1398 de
859 1354 1005 1398 molti.
1038 1356 1128 1399 Per
1155 1354 1186 1396 il
1214 1356 1298 1398 che
1326 1355 1452 1398 molti
1479 1354 1517 1398 si
1545 1369 1657 1398 sono
1682 1354 1728 1398 di
1758 1356 1818 1399 tal

183 1430 384 1474 maniera
413 1430 664 1474 inamorato
693 1431 755 1475 dil
783 1433 915 1475 luoco
942 1439 1116 1484 nostro,
1148 1433 1249 1485 che,
1290 1446 1381 1475 non
1408 1433 1632 1488 guardato
1667 1447 1695 1476 o
1731 1433 1818 1476 alla

182 1514 404 1551 stretezza
427 1522 454 1550 o
475 1509 562 1552 3113
584 1509 782 1553 bellezza
803 1508 866 1552 dil
887 1509 1036 1561 luoco,
1056 1508 1098 1552 ci
1117 1523 1332 1565 uengono
1350 1509 1490 1552 molto
1513 1509 1739 1564 frequenti
1759 1510 1816 1553 ad

185 1583 312 1627 udire
328 1585 370 1628 la
388 1599 550 1628 messa.
573 1587 648 1628 Ma
669 1587 850 1642 perche,
871 1587 1063 1629 essendo
1085 1585 1129 1628 io
1151 1585 1264 1638 solo,
1290 1599 1381 1628 non
1409 1585 1447 1628 si
1468 1586 1558 1642 puo
1580 1586 1674 1629 cosi
1696 1586 1815 1631 cele-

181 1661 314 1705 brare
334 1661 391 1704 al’
416 1663 527 1706 hore
546 1663 740 1706 comode
760 1677 840 1718 per
861 1661 1004 1715 molti,
1030 1661 1123 1705 asai
1146 1663 1268 1705 uolte
1290 1661 1416 1704 molti
1440 1663 1666 1705 mandano
1694 1678 1720 1706 3
1742 1677 1816 1706 53·

182 1751 290 1794 pere
311 1739 491 1794 quando
513 1747 559 1782 et
580 1738 627 1781 in
649 1740 734 1783 che
750 1741 860 1782 hora
882 1740 1200 1791 celebraremo,
1226 1738 1323 1782 acio
1346 1738 1529 1795 possino
1545 1738 1718 1791 uenire,
1738 1754 1815 1783 ac-

181 1815 502 1881 comodandosi
525 1815 660 1860 etiam
681 1815 807 1859 molti
829 1816 915 1859 alla
935 1823 1093 1860 nostra
1114 1815 1352 1859 comodita.
1385 1817 1443 1859 Et
1470 1823 1632 1871 questo
1660 1831 1816 1873 spesso

183 1892 227 1934 sa
248 1891 277 1934 il
300 1899 498 1948 prettore
519 1893 638 1936 della
660 1900 792 1946 terra,
818 1893 951 1948 quale
972 1907 1058 1936 con
1080 1900 1205 1937 tanta
1226 1892 1459 1936 diuotione
1475 1892 1575 1936 dice
1592 1892 1638 1936 di
1659 1893 1816 1937 uenire

180 1983 286 2025 qua,
312 1971 396 2014 che
423 1970 533 2026 ogni
562 1969 739 2026 giorno,
764 1984 813 2014 se
834 1977 1028 2026 potesse,
1055 1984 1146 2013 non
1171 1970 1298 2013 uoria
1320 1984 1544 2024 mancare,
1570 1985 1643 2014 ma
1669 1971 1816 2014 l’hora

180 2046 527 2091 estraordinarie
562 2047 917 2103 l’impediscono.
964 2049 1038 2091 Ma
1080 2048 1229 2103 quello
1270 2048 1296 2090 6
1337 2046 1383 2090 (11
1425 2047 1564 2090 molto
1606 2047 1815 2104 maggior

179 2123 560 2176 consideratione,
600 2123 638 2167 si
674 2125 700 2167 6
730 2124 773 2167 13
805 2124 1057 2179 frequentia
1088 2124 1262 2180 grande
1297 2123 1415 2167 della
1451 2123 1646 2180 predica,
1682 2125 1815 2179 quale

181 2215 289 2257 pare
311 2215 337 2243 a
359 2200 465 2243 tutti
487 2200 726 2254 miraculo,
752 2201 960 2245 uenendo
982 2215 1160 2256 sempre
1189 2200 1323 2254 tanti,
1349 2208 1395 2246 et
1422 2201 1518 2244 cosi
1546 2201 1810 2254 crescendo,

182 2279 268 2320 che
289 2292 368 2333 par
390 2284 570 2320 straneo
591 2291 720 2321 come
741 2291 911 2333 posano
931 2276 1076 2333 patire
1097 2277 1142 2320 di
1170 2285 1290 2322 stare
1319 2277 1364 2320 in
1394 2285 1519 2321 tanto
1550 2291 1739 2320 munero
1767 2276 1813 2320 in

183 2354 280 2397 cosi
303 2353 450 2410 picolo
472 2355 618 2397 luoco.
644 2354 734 2398 Gia
760 2368 872 2397 sono
899 2353 1034 2398 etiam
1056 2354 1238 2410 parechi
1259 2354 1371 2399 mesi
1393 2357 1478 2399 che
1499 2354 1577 2411 piu
1600 2368 1809 2410 persone,

183 2430 444 2475 desiderose
465 2430 510 2472 di
535 2430 690 2475 uenire
717 2445 743 2474 a
770 2432 894 2475 dette
921 2415 1074 2474 nostre
1105 2430 1333 2487 prediche,
1368 2446 1486 2475 uano
1515 2430 1707 2475 dicendo
1729 2433 1814 2474 che

186 2507 264 2563 piu
288 2506 473 2550 uoriano
494 2506 666 2560 uenire,
691 2514 738 2552 et
759 2509 842 2551 che
863 2507 905 2551 ci
926 2523 985 2552 ne
1005 2521 1176 2564 preme3
1200 2523 1274 2551 ma
1295 2510 1396 2561 che,
1417 2508 1609 2553 essendo
1625 2506 1656 2549 il
1678 2508 1811 2551 luoco

184 2598 315 2628 come
336 2583 453 2636 dico,
478 2591 659 2627 restano
681 2584 726 2626 di
747 2583 818 2628 cio
840 2584 950 2637 fare,
974 2591 1019 2629 et
1046 2585 1186 2640 perho
1208 2585 1395 2628 uoriano
1423 2585 1461 2628 si
1489 2583 1744 2640 predicasse
1766 2583 1812 2627 in

183 2661 296 2704 altra
317 2660 484 2704 chiesia
505 2660 583 2716 piu
605 2674 785 2716 capace;
809 2660 841 2703 il
862 2662 947 2705 che
967 2675 1058 2704 non
1080 2660 1118 2704 si
1142 2661 1183 2704 fa
1206 2662 1345 2717 perho
1367 2676 1446 2718 per
1462 2660 1600 2704 buoni
1618 2660 1808 2717 rispetti,

181 2751 274 2780 non
305 2736 346 2779 ci
377 2738 569 2781 essendo
604 2737 651 2780 in
678 2737 749 2780 cio
768 2736 799 2779 li
826 2737 970 2780 curati
1002 2744 1131 2794 tropo
1163 2738 1428 2791 fauoreuoli,
1454 2737 1651 2793 parendo
1673 2737 1812 2780 alloro

181 2815 266 2857 che
288 2813 324 2856 si
347 2813 555 2868 suiliano,
580 2821 626 2857 et
648 2814 743 2857 cosi
765 2827 981 2870 uengono
1002 2814 1175 2857 hormai
1198 2813 1311 2857 tanti
1334 2815 1393 2857 da
1415 2813 1505 2858 noi.
1533 2813 1582 2858 Si
1603 2813 1811 2856 comuni—

181 2905 298 2934 cano
322 2889 432 2947 ogni
454 2890 689 2934 domenica
709 2890 907 2946 parechi,
933 2892 1016 2934 che
1038 2892 1063 2934 e
1085 2905 1191 2934 cosa
1211 2891 1256 2934 di
1284 2890 1584 2948 grandissimo
1612 2890 1812 2947 esempio

184 2983 211 3011 a
233 2974 350 3011 tutta
376 2968 420 3010 la
448 2974 581 3020 terra,
613 2974 659 3010 et
689 2967 798 3024 ogni
825 2967 987 3024 giorno
1014 2966 1052 3011 si
1079 2967 1339 3024 raquistano
1371 2966 1519 3011 anime
1551 2967 1594 3010 al
1625 2966 1808 3023 Signor.

187 3044 324 3088 Onde
344 3045 428 3087 che
450 3044 534 3088 alle
553 3045 665 3087 feste
681 3045 834 3088 solene
850 3043 1182 3100 specialmente,
1203 3057 1310 3100 pare
1334 3059 1422 3087 una
1443 3058 1614 3100 pasqua
1634 3044 1692 3087 da
1708 3058 1814 3088 casa
