2034 3476
341 267 410 304 214
505 297 508 301 ,
833 259 1071 295 EPISTOLAE
1097 256 1386 304 MixTAE—819

1047 458 1164 499 819

738 548 1057 586 EVERARDUS
1084 547 1468 585 MERCURIANUS

659 627 846 671 PATRI
878 627 1140 671 IGNATIO
1173 627 1255 669 DE
1287 625 1548 670 LOYOLA

835 723 1016 751 PERUSIA
1043 722 1086 759 27
1113 723 1206 758 MAJl
1234 722 1326 760 1554
1351 713 1378 750 ¹.

390 792 524 828 Status
542 792 736 829 sociorum
754 798 795 828 et
812 792 1030 828 scholarum
1048 791 1205 838 collegii
1222 790 1576 839 perusini.-Quid
1593 790 1642 826 de
1660 790 1825 837 singulis

950 851 1103 899 judicet
1121 857 1264 888 rector.

1093 917 1122 974 Ἰ(

378 995 475 1037 Pax
498 993 576 1037 X.i
612 994 752 1038 Molto
775 994 889 1037 Rdo.
918 995 1080 1038 Padre.
1107 995 1283 1051 Questa
1304 995 1405 1036 sara
1425 1008 1506 1050 per
1522 992 1726 1037 sodisfar’
1746 993 1832 1036 alla
1852 1007 1936 1036 or—

289 1060 493 1114 dination
516 1071 622 1114 data
651 1071 964 1116 ultimamente
992 1072 1049 1114 da
1065 1078 1198 1128 parte
1225 1072 1281 1114 de
1309 1072 1367 1115 V.
1407 1072 1460 1114 P.
1492 1070 1566 1114 alli
1600 1069 1780 1127 collegii
1807 1070 1932 1125 suoi,

289 1147 409 1191 circa
431 1148 488 1193 de
509 1149 605 1191 dar'
636 1148 763 1192 auiso
792 1148 838 1191 di
867 1148 973 1192 tutti
1001 1148 1065 1206 gli
1093 1147 1313 1205 suppositi
1341 1148 1386 1191 d’
1412 1147 1512 1193 essi.
1541 1149 1592 1191 In
1619 1154 1780 1203 questo
1801 1153 1936 1192 semo-

287 1223 419 1278 dieci,
440 1240 466 1268 o
484 1232 748 1270 ueramente
765 1213 952 1278 tredeci,
973 1225 1339 1282 comprendendo
1361 1223 1499 1281 quelli
1517 1231 1584 1268 tre
1601 1226 1686 1269 che
1703 1232 1866 1268 stanno
1883 1225 1926 1268 al

287 1301 462 1359 luogho
491 1303 564 1346 del
591 1302 776 1359 signore
803 1302 971 1347 vicario
1006 1304 1038 1347 ².
1071 1304 1128 1346 Et
1155 1317 1235 1360 per
1266 1302 1374 1346 dare
1402 1301 1670 1360 particolare
1698 1301 1842 1357 auiso,
1873 1303 1934 1346 ce*

286 1377 317 1420 il
340 1379 392 1422 P.
421 1380 484 1423 M.
511 1379 757 1433 Gionanni,
785 1381 989 1424 francese
1011 1381 1043 1433 ⁵,
1069 1386 1228 1423 nostro
1255 1379 1529 1433 collaterale,
1549 1385 1763 1436 soggetto
1785 1379 1927 1423 molto

287 1454 413 1509 utile,
440 1455 479 1499 si
501 1471 582 1513 per
603 1457 644 1500 le
668 1457 790 1502 forze
811 1457 1046 1515 corporali,
1072 1458 1143 1500 ch'
1174 1458 1232 1500 ha
1260 1455 1444 1514 grandi,
1470 1456 1508 1499 si
1528 1455 1663 1499 etiam
1690 1471 1771 1512 per
1792 1463 1935 1499 conto-

286 1531 392 1576 delli
415 1533 516 1576 altri
538 1533 661 1577 doni.
687 1534 773 1578 Nel
790 1548 1080 1588 conuersare,
1105 1534 1379 1586 confessam,
1404 1540 1626 1577 essortare
1648 1534 1867 1590 etlegere
1883 1534 1935 1577 la.

286 1609 488 1652 dottrina
510 1610 755 1654 christiana
775 1612 834 1655 ha
855 1612 1008 1654 buona
1036 1610 1205 1667 gratia,
1231 1617 1278 1655 et
1305 1609 1414 1666 ogni
1442 1609 1487 1652 di
1518 1624 1577 1653 ua
1605 1611 1867 1654 crescendo:
1899 1611 1925 1653 e

286 1686 424 1730 molto
447 1687 675 1741 feruente,
701 1694 747 1731 et
768 1689 825 1731 da
847 1689 999 1731 buona
1022 1687 1280 1732 edification
1302 1686 1347 1730 di
1369 1703 1419 1733 se
1441 1687 1482 1730 al
1505 1687 1740 1744 prossimo.
1767 1688 1832 1731 (Σὲ
1849 1687 1924 1744 poi

284 1762 315 1805 il
339 1764 514 1808 fratello
535 1764 774 1818 Giliberto‚
800 1764 1003 1809 siciliano
1026 1766 1066 1818 ⁴,
1091 1765 1290 1822 giouane
1317 1765 1408 1810 ben
1437 1771 1617 1814 uersato
1639 1764 1686 1807 in
1708 1779 1848 1821 greco
1877 1772 1924 1810 et

359 1878 369 1899 ¹
420 1878 479 1912 Ex
508 1878 750 1925 autographo
774 1877 814 1914 in
839 1878 917 1915 vol.
945 1878 1261 1925 Informationes
1286 1878 1493 1925 antiquae,
1519 1877 1634 1914 unico
1657 1877 1770 1924 folio,
1795 1890 1834 1914 n.
1860 1878 1923 1924 81,

284 1935 392 1983 prius
411 1945 493 1982 219.

353 1997 367 2017 2
418 1996 695 2042 Intelliguntur
718 1997 814 2032 haec
839 2008 887 2032 ex
913 1997 1004 2043 illis,
1035 2009 1134 2044 quae
1161 1997 1210 2032 ad
1235 1998 1339 2032 hune
1365 2008 1510 2032 annum
1535 1996 1654 2032 tradit
1678 1997 1930 2044 POLANCUS,

284 2058 316 2090 t.
340 2063 397 2101 1v,
416 2067 506 2102 pag.
529 2056 611 2103 158,
629 2068 668 2092 n.
687 2055 769 2092 320:
792 2057 931 2092 «Anno
949 2056 1141 2104 superiori
1158 2056 1328 2092 diximus
1347 2055 1571 2092 inchoatum
1588 2056 1711 2092 fuisse
1729 2055 1924 2103 quoddam

283 2114 507 2161 collegium,
527 2115 567 2151 in
584 2126 675 2163 quo,
694 2115 742 2151 ad
757 2116 912 2151 modum
927 2116 1140 2162 seminarii,
1156 2115 1275 2164 aliqui
1294 2117 1420 2152 bonae
1433 2115 1575 2151 indolis
1592 2115 1726 2152 clerici
1744 2115 1924 2153 institue-

284 2174 470 2210 bantur...
491 2176 603 2211 Unus
622 2187 671 2210 ex
689 2176 833 2211 nostris
851 2176 1123 2212 sacerdotibus
1150 2176 1186 2211 ei
1213 2175 1423 2211 seminario
1449 2176 1652 2222 praeerat,
1668 2187 1757 2211 cum
1781 2187 1859 2223 quo
1883 2181 1930 2212 et

283 2233 422 2281 aliquis
441 2246 490 2269 ex
508 2234 694 2270 fratribus
712 2236 987 2272 versabatur...
1009 2236 1233 2271 vicarius...
1252 2247 1341 2271 cum
1356 2234 1510 2271 videret
1528 2234 1776 2272 Cardinalem
1795 2234 1924 2282 [peru-

283 2291 426 2339 sinum]
445 2305 523 2329 non
540 2294 837 2330 subministrare
855 2307 954 2342 quae
974 2294 1022 2330 ad
1036 2295 1200 2330 clericos
1215 2294 1302 2330 illos
1317 2294 1546 2330 nutriendos
1561 2294 1782 2330 necessaria
1796 2299 1927 2341 erant,

281 2352 460 2398 quamvis
479 2364 597 2399 aegre
621 2353 660 2389 id
679 2352 814 2399 ferret,
833 2354 982 2390 dimisit
1001 2360 1131 2390 tamen
1150 2353 1277 2401 Aprili
1295 2365 1430 2390 mense
1447 2354 1669 2400 hujusmodi
1693 2354 1855 2390 clericos
1882 2353 1923 2389 in

281 2411 415 2447 domos
434 2424 541 2459 suas,
555 2412 680 2448 donec
697 2413 825 2460 aliqua
843 2426 885 2450 se
903 2414 1061 2449 offerret
1079 2413 1332 2449 commoditas
1348 2425 1415 2449 eos
1434 2414 1725 2450 sustentandi...
1742 2414 1786 2448 P.
1806 2415 1926 2460 Joan-

281 2482 352 2506 nes
371 2472 582 2508 Catalanus
600 2483 689 2508 cum
707 2471 827 2509 fratre
846 2473 1037 2509 Michaele
1056 2474 1171 2509 Barul
1191 2478 1230 2509 et
1252 2473 1424 2508 Antonio
1449 2473 1584 2515 Maria,
1609 2478 1854 2519 aegrotante,
1874 2483 1922 2508 eo

282 2532 321 2566 in
339 2532 425 2567 loco
445 2533 716 2577 manebant...;
742 2533 812 2568 sed
831 2535 904 2569 sub
922 2533 1077 2570 initium
1102 2532 1247 2568 mensis
1267 2532 1418 2579 Junii...
1446 2532 1523 2568 duo
1539 2532 1598 2568 illi
1624 2544 1672 2568 ex
1700 2532 1843 2568 nostris
1873 2531 1922 2567 ad

280 2590 491 2637 collegium
517 2591 776 2637 redierunt...;
806 2593 1002 2630 Antonius
1027 2592 1162 2639 Maria,
1186 2591 1423 2627 valetudinis
1445 2592 1587 2638 gratia,
1616 2591 1776 2628 relictus
1799 2591 1914 2628 fuit».

351 2649 366 2670 ³
418 2651 590 2697 Joannes
615 2651 755 2697 Niger.

353 2710 368 2730 ⁴
418 2710 469 2745 M.
498 2710 702 2747 Gilbertus
720 2711 935 2759 Polizinus,
962 2711 1066 2760 «qui,
1092 2711 1271 2748 Genuam
1295 2711 1561 2747 destinatus...
1581 2723 1659 2747 non
1683 2712 1810 2747 solum
1833 2723 1926 2748 cum

281 2767 466 2814 lacrymis
483 2781 642 2805 suorum
660 2769 940 2817 discipulorum
964 2770 1144 2816 recessit,
1163 2769 1233 2806 sed
1255 2769 1374 2805 etiam
1390 2775 1551 2806 senatus
1570 2770 1762 2815 molestia3
1788 2770 1851 2806 cui
1870 2775 1924 2805 ta-

285 2838 376 2862 men
395 2828 518 2863 nostri
538 2840 806 2865 successorem
825 2831 928 2876 Mag.
951 2830 1166 2866 Antonium
1185 2829 1424 2876 Viperanum
1449 2829 1610 2865 missum
1635 2841 1724 2865 esse
1742 2829 1927 2876 dicendo,

280 2886 348 2932 qui
369 2886 454 2933 ejus
474 2889 603 2923 locum
622 2889 837 2936 suppleret,
862 2894 903 2925 et
926 2889 960 2925 si
986 2901 1083 2936 opus
1110 2893 1231 2935 esset,
1256 2888 1432 2924 revocari
1449 2900 1565 2936 posse
1587 2889 1817 2936 magistrum
1841 2888 1924 2925 Gil-

281 2945 454 2991 bertum,
472 2946 528 2982 illi
544 2952 637 2983 tunc
651 2948 928 2994 conquievere3
945 2948 1015 2984 sed
1029 2947 1190 2984 difficile
1205 2948 1381 2983 revocari
1399 2948 1432 2983 is
1446 2948 1653 2995 potuisset,
1672 2949 1753 2996 qui,
1770 2949 1929 2984 Floren-

280 3003 376 3040 tiam
399 3006 650 3052 perveniens,
670 3006 709 3042 in
727 3008 905 3043 morbum
930 3007 1081 3053 incidit,
1107 3019 1156 3043 ex
1181 3018 1257 3054 quo
1282 3006 1330 3043 ad
1354 3008 1527 3043 coeleste
1550 3007 1759 3054 collegium
1785 3007 1929 3053 migra-

278 3064 373 3099 vit».
395 3065 613 3112 POLANco‚
635 3071 663 3102 t.
681 3075 739 3112 1v,
759 3078 852 3113 pag.
875 3075 1044 3113 150-151,
1060 3079 1098 3102 n.
1118 3066 1207 3112 305.
