2060 3450
291 231 362 276 506
787 234 1025 270 EPISTOLAE
1049 234 1218 269 M1XTAE
1233 254 1250 259 -
1266 242 1332 280 921

1003 486 1118 527 921

688 575 1068 612 GUNDISALVUS
1096 576 1166 611 DE
1191 575 1438 611 SILVEIRA

559 652 770 695 PATRI
807 653 1106 697 IGNATIO
1143 654 1233 697 DE
1272 653 1563 696 LOYOLA

751 749 967 776 OLISIPONE
984 740 1007 775 6
1023 749 1218 784 jANtJARn
1239 723 1328 786 155'5
1349 743 1374 776 ¹.

304 815 422 850 Notat
440 815 718 862 provincialem
737 817 863 853 Miron
880 829 1015 864 parum
1035 818 1110 853 sibi
1128 817 1337 853 conciliare
1351 817 1541 854 nobilium
1560 818 1816 855 lusitanorum

699 876 848 913 animos
858 905 865 913 .
874 878 1078 913 -Patrem
1097 877 1222 913 Nadal
1240 878 1432 925 exposcit.

1008 973 1140 1067 Jhiis.

336 1102 495 1146 Gratia
516 1103 684 1146 domini
707 1104 849 1148 nostri
865 1105 976 1162 Jesu
1005 1103 1174 1148 Christi
1204 1104 1456 1148 nobiscum.
1489 1106 1645 1148 Rmus.
1678 1105 1724 1147 in
1746 1104 1883 1149 Chri-

248 1187 321 1222 sto
345 1181 482 1225 Pater
503 1187 657 1225 noster
678 1180 968 1237 prouincialis
996 1181 1280 1238 praepositus
1302 1181 1317 1202 ²
1347 1188 1503 1225 sancte
1530 1181 1747 1237 iuxtaque
1768 1196 1882 1226 con-

248 1255 507 1300 stitutiones
528 1264 651 1302 recte
675 1257 805 1315 fungi
826 1272 909 1302 suo
942 1273 1130 1302 munere
1150 1258 1260 1300 mihi
1291 1257 1486 1302 uidetur.
1514 1259 1702 1311 Verum,
1735 1273 1882 1314 quan-

251 1339 347 1375 tum
371 1333 628 1378 existimare
648 1335 794 1389 valeo,
819 1334 956 1378 huius
988 1335 1367 1378 foecundissimae
1394 1334 1634 1379 Societatis
1661 1334 1886 1391 professio

250 1411 468 1465 postulat,
495 1418 544 1454 ut
566 1426 658 1454 non
685 1412 835 1455 solum
863 1411 1139 1456 domesticos
1167 1411 1353 1464 educet,
1385 1412 1465 1455 sed
1496 1411 1630 1456 etiam
1652 1411 1882 1465 omnibus,

249 1485 367 1530 inter
388 1502 502 1543 quos
524 1488 636 1545 agit,
661 1489 875 1545 prodesse
902 1494 1095 1544 satagat.
1131 1489 1232 1532 Non
1264 1487 1423 1531 dubito
1445 1489 1628 1533 Patrem
1656 1496 1880 1541 nostrum,

248 1563 286 1606 si
307 1564 481 1608 nobiles
501 1579 555 1609 ac
576 1565 801 1622 principes
822 1565 945 1608 viros
966 1564 1102 1608 huius
1123 1564 1271 1622 regni,
1296 1564 1413 1609 inter
1435 1579 1552 1620 quos
1568 1573 1880 1617 conversatur,

248 1640 334 1684 sibi
371 1642 540 1687 faceret
577 1642 819 1687 familiares
855 1641 903 1685 in
933 1642 1148 1695 Domino,
1184 1642 1468 1698 adjecturum
1501 1641 1882 1698 quamplurimum

251 1717 391 1762 fuisse
419 1726 465 1763 et
492 1720 722 1775 profectus
750 1718 940 1763 studiosi
968 1726 1013 1762 et
1040 1718 1346 1778 authoritatis,
1377 1732 1493 1773 quae
1521 1719 1578 1761 ad
1609 1718 1881 1763 foeliciorem

250 1801 507 1838 nostrarum
528 1796 757 1839 actionum
780 1810 1088 1852 progressum,
1113 1802 1159 1840 et
1181 1795 1238 1838 ad
1254 1794 1340 1838 Dei
1356 1794 1403 1837 in
1419 1793 1646 1851 plerisque
1662 1796 1882 1839 honorem

251 1873 514 1928 augendum
542 1887 635 1915 non
663 1871 950 1917 mediocriter
977 1872 1300 1915 conducerent.
1332 1871 1410 1916 Ille
1437 1885 1548 1914 uero
1579 1870 1656 1914 uix
1686 1870 1882 1927 aliquem

252 1947 381 1990 nouit
403 1955 482 1991 aut
503 1948 620 2004 adit,
650 1948 736 1992 nisi
765 1963 921 2006 regem
951 1948 1158 2005 regiosve
1186 1947 1414 2000 dominos,
1446 1954 1525 1990 aut
1546 1948 1683 2003 paulo
1711 1947 1880 2003 plures,

252 2023 389 2081 idque
411 2026 519 2068 dum
538 2027 610 2070 vel
626 2025 795 2082 aliquid
811 2014 983 2082 negotii
1001 2026 1074 2069 uel
1090 2024 1296 2068 Vtilitatis
1313 2031 1495 2068 nostrae
1512 2030 1645 2081 vrget
1662 2037 1883 2067 commer-

255 2101 390 2146 cium.
417 2103 534 2147 Sunt
556 2103 722 2158 alioqui
745 2117 903 2147 omnes
927 2104 1019 2146 fere
1041 2101 1314 2158 aequissimo
1335 2099 1761 2158 promptissimoque
1791 2099 1888 2144 ani-

257 2193 330 2222 mo
351 2193 462 2235 erga
483 2179 773 2241 Societatem,
799 2179 955 2235 eisque
977 2179 1034 2222 ad
1061 2177 1231 2222 Christi
1259 2192 1459 2222 amorem
1488 2192 1580 2220 non
1608 2176 1706 2220 sine
1727 2175 1890 2233 grandi

257 2257 496 2299 commodo
517 2271 659 2313 paruo
681 2256 866 2313 negotio
887 2263 1040 2312 posset
1062 2270 1193 2312 opem
1217 2254 1335 2298 ferri.
1363 2255 1538 2299 Vellem
1554 2254 1710 2309 itaque
1732 2260 1783 2296 ut
1800 2254 1890 2296 Pa-

258 2340 327 2378 ter
343 2341 497 2376 noster
513 2333 659 2390 magis
677 2333 937 2377 conciliaret
953 2332 1157 2376 omnium
1175 2332 1366 2385 animos,
1380 2331 1622 2386 aliquando
1635 2330 1889 2381 invisendo,

258 2409 498 2466 aliquando
535 2411 829 2467 proponendo
857 2409 1087 2463 exercitia,
1123 2415 1313 2452 cunctos
1343 2407 1540 2463 denique
1568 2406 1806 2451 alliciendo
1833 2407 1891 2450 ad

258 2493 414 2530 nostra
436 2488 557 2530 dulci
580 2487 790 2543 quodam,
815 2486 906 2543 pio,
933 2485 1125 2543 sapienti
1146 2499 1199 2529 ac
1223 2484 1465 2541 praecipue
1497 2483 1668 2528 liberali
1701 2490 1886 2526 conatu.

259 2564 340 2606 Est
361 2571 594 2620 praeterea
614 2578 791 2620 semper
821 2563 915 2608 fere
937 2577 1102 2606 exosus
1131 2576 1229 2606 mos
1256 2561 1330 2606 ille
1359 2561 1480 2617 apud
1511 2565 1776 2617 magnatum
1799 2560 1891 2604 fre—

258 2640 507 2695 quentiam,
540 2655 631 2696 quo
661 2641 775 2684 solet
803 2640 942 2683 solius
971 2639 1187 2696 principis
1216 2637 1363 2695 gratia
1390 2637 1562 2694 quaeri,
1593 2635 1783 2681 caeteris
1811 2643 1890 2679 aut

332 2798 341 2817 ¹
393 2796 451 2830 Ex
469 2797 709 2842 autographo
728 2795 767 2830 in
787 2796 866 2830 vol.
899 2795 943 2831 F.
971 2793 1117 2840 duplici
1141 2793 1248 2840 folio,
1273 2805 1312 2830 n.
1344 2793 1425 2838 126,
1445 2791 1551 2839 prius
1570 2798 1654 2837 595,
1674 2789 1896 2835 596.—Hac

259 2855 423 2901 epistola
441 2867 534 2891 usus
553 2861 613 2891 est
637 2856 853 2900 POLANco,
873 2860 901 2890 t.
926 2864 967 2900 v,
993 2865 1084 2901 pag.
1110 2861 1193 2898 574,
1221 2865 1263 2888 n.
1292 2852 1398 2898 1582,
1419 2857 1536 2898 atque
1562 2862 1607 2886 ea
1630 2849 1788 2897 quidem
1815 2854 1893 2895 est,

259 2926 373 2961 quam
393 2915 563 2951 nondum
582 2921 675 2950 tunc
689 2914 851 2960 vidisse,
867 2926 955 2949 cum
974 2914 1155 2949 volumen
1173 2911 1269 2947 illud
1287 2911 1508 2957 ederemus,
1533 2909 1679 2945 ibidem
1702 2912 1839 2944 annot.
1870 2917 1895 2952 4

258 2973 443 3019 diximus,
461 2986 654 3022 quamque
672 2973 828 3015 deinde,
850 2973 906 3008 sie
925 2974 1009 3008 Deo
1027 2973 1128 3007 bene
1148 2972 1320 3017 volente,
1337 2969 1508 3017 reperire
1527 2967 1640 3004 nobis
1657 2966 1836 3013 contigit.

334 3036 348 3055 2
399 3034 570 3079 jacobus
589 3033 727 3069 Miron.
