2034 3476
276 275 348 302 220
777 266 1017 303 EPlsTOLAE
1042 266 1328 304 MIXTAE—821

224 367 470 424 procedere
492 367 549 410 ad
572 368 744 420 effetto,
770 367 1019 415 ottenendo
1040 367 1072 410 il
1094 382 1316 412 consenso
1333 367 1390 411 de
1407 366 1615 411 l'ordine.
1635 365 1871 411 lntendia-

223 459 298 488 mo
320 446 406 489 che
427 445 587 488 adesso
608 459 657 488 se
680 451 816 488 tratta
838 444 943 490 delli
971 444 1077 489 beni
1104 444 1259 488 mobili
1287 451 1333 489 et
1361 443 1578 487 immobili
1600 444 1673 487 del
1706 457 1866 487 mona-

224 521 362 565 sterio
383 536 463 578 per
480 521 711 578 applicarli
728 522 771 565 al
791 522 985 580 collegio
1002 529 1173 566 nostro.
1195 523 1255 567 Se
1273 521 1425 574 fonda,
1445 535 1575 566 come
1591 520 1635 564 io
1652 518 1865 577 penso,'il

225 613 272 642 re
295 598 398 642 colli
415 598 531 652 suoi,
553 601 638 643 che
655 606 818 656 questo
834 599 1109 643 monasterio
1126 600 1152 643 e
1170 599 1433 643 fondatione
1448 598 1555 644 delli
1572 596 1866 642 archiducchi

222 676 280 719 de
301 682 462 732 questa
483 676 685 720 Austria:
706 678 840 730 onde,
860 677 1054 721 essendo
1071 682 1197 720 tanto
1214 683 1366 733 tempo
1384 676 1703 720 abandonnato
1721 681 1767 720 et
1783 675 1876 719 de—'

220 753 370 796 solato
387 752 494 796 dalli
511 753 746 807 carmeliti,
767 760 1045 810 sostengono
1062 754 1148 797 che
1164 753 1206 796 la
1229 753 1368 798 totale
1384 751 1677 809 dispositione
1698 751 1869 795 ritorna

224 830 268 873 al
289 844 353 883 re,
379 844 509 874 come
530 829 776 874 archiduca
799 829 1042 883 austriaco,
1068 830 1275 874 almanco
1302 844 1382 886 per
1409 830 1584 886 poterlo
1610 827 1871 873 transferire

220 921 250 950 a
271 906 494 963 meigliori
517 906 585 951 vsi
608 906 846 964 spirituali.
874 908 1022 963 Sopra
1043 906 1090 950 di
1111 913 1272 963 questo
1294 906 1562 950 voreissimo
1577 908 1663 951 0116
1680 906 1737 950 V.
1759 906 1812 949 R.
1829 904 1872 948 ci

223 984 356 1027 dasse
377 991 530 1040 presto
548 984 693 1037 auiso,
715 985 883 1040 perche
902 999 1011 1041 pare
1027 985 1113 1029 che
1135 985 1418 1028 nullamente
1441 983 1667 1039 possiamo
1682 981 1871 1027 lasciare

223 1060 457 1104 inuestirci
479 1061 535 1105 de
559 1068 720 1117 questo
743 1061 1019 1105 monasterio
1041 1062 1156 1106 colle
1184 1076 1267 1106 sue
1296 1060 1462 1104 intradi
1485 1067 1530 1104 et
1552 1059 1674 1113 beni,
1709 1059 1746 1103 si
1777 1073 1870 1103 non

222 1137 464 1181 habbiamo
486 1138 637 1181 inanzi
659 1138 690 1180 il
712 1152 936 1181 consenso
959 1138 1033 1182 del
1053 1145 1264 1195 patrone,
1297 1138 1327 1181 il
1356 1138 1489 1194 quale
1517 1153 1609 1181 non
1637 1135 1869 1193 pensiamo

221 1228 374 1259 essere
395 1214 426 1256 il
448 1214 691 1258 archiduca
712 1216 770 1260 de
798 1214 1001 1259 Austria.
1029 1216 1204 1260 Stando
1231 1215 1274 1259 le
1302 1229 1411 1259 cose
1433 1214 1480 1257 in
1497 1214 1646 1270 questi
1668 1212 1865 1268 termini,

223 1306 316 1335 non
337 1305 534 1348 possono
563 1293 749 1337 credere
772 1292 921 1348 questi
943 1292 1117 1350 signori
1146 1291 1367 1346 todeschi,
1394 1294 1479 1336 che
1501 1291 1605 1344 mai,
1630 1291 1790 1335 saltem
1821 1290 1869 1333 in

222 1376 384 1425 questa
404 1369 666 1422 Germania,
693 1371 822 1426 potra
851 1369 1041 1413 rifiorire
1062 1370 1105 1414 13
1136 1369 1357 1426 religione
1379 1368 1485 1412 delli
1508 1366 1800 1422 mendicanti,
1824 1373 1870 1412 et

224 1446 565 1502 generalmente
586 1446 691 1490 delli
716 1446 944 1500 monachi,
970 1454 1016 1491 et
1039 1446 1147 1490 forsi
1169 1461 1303 1503 sopra
1325 1447 1382 1490 de
1405 1452 1566 1502 questa
1588 1459 1670 1488 sua
1704 1444 1869 1500 despe—

225 1537 361 1566 ranza
389 1537 438 1566 se
466 1523 792 1568 intromettono
820 1524 938 1568 dalle
966 1523 1241 1580 possessioni
1268 1524 1386 1577 loro,
1419 1522 1762 1579 disponendone
1790 1519 1869 1577 piu

197 1608 200 1611 ’
226 1599 526 1644 liberamente
542 1601 615 1643 dal
638 1601 823 1644 douere.

312 1676 571 1720 Habbiamo
588 1683 799 1721 ottenuto
816 1678 901 1721 che
919 1691 1118 1721 nessuno
1136 1692 1185 1721 se
1201 1678 1294 1734 puo
1311 1675 1503 1733 sepelire
1520 1674 1567 1717 in
1585 1682 1748 1731 questo
1766 1688 1868 1718 mo-

221 1752 435 1807 nasterio,
460 1754 636 1797 benche
658 1768 750 1796 non
768 1754 1128 1797 domandauamo
1145 1768 1255 1797 seno
1272 1754 1330 1797 de
1348 1767 1499 1797 essere
1516 1752 1646 1797 liberi
1664 1753 1721 1796 de
1739 1758 1867 1796 tante

223 1831 450 1886 sepoltore
466 1831 523 1874 de
545 1829 694 1883 morti,
715 1844 844 1874 come
865 1831 929 1873 fin
951 1829 1071 1886 quie
1088 1837 1206 1874 stato
1223 1831 1253 1873 l'
1274 1845 1444 1874 usanza
1460 1830 1508 1872 in
1526 1837 1688 1885 questo
1705 1829 1864 1885 luogo,

223 1913 271 1950 et
291 1907 407 1951 dalle
429 1907 564 1951 misse
587 1909 671 1950 che
693 1914 1157 1963 consequentemente
1179 1922 1229 1952 se
1250 1906 1488 1952 diceuano.
1514 1907 1603 1950 Dal
1633 1913 1754 1951 resto
1776 1905 1868 1949 sia-

224 1998 300 2027 mo
322 1984 450 2039 quasi
472 1985 546 2029 nel
569 1999 723 2028 mezzo
745 1985 862 2028 della
891 1991 1032 2038 terra,
1064 1991 1110 2028 et
1137 1999 1352 2042 vengono
1380 1983 1491 2041 ogni
1519 1983 1566 2026 di
1596 1983 1677 2040 piu
1706 1982 1869 2026 scolari

223 2061 312 2104 alla
334 2062 488 2104 schola
510 2068 681 2113 nostra,
707 2072 753 2105 et
775 2075 855 2118 per
876 2061 1064 2118 rispetto
1086 2062 1204 2105 della
1225 2062 1406 2106 echesia
1434 2075 1483 2104 se
1512 2059 1701 2117 prattica
1728 2060 1870 2103 molto

225 2137 303 2194 piu
326 2139 440 2181 colla
463 2145 603 2195 gente
622 2139 807 2182 todesca
823 2139 941 2182 nelle
957 2138 1232 2184 confessioni
1249 2140 1447 2182 anchora
1470 2145 1516 2182 et
1539 2136 1639 2181 altri
1666 2135 1871 2182 esserciti

226 2214 465 2271 spirituali.

316 2293 514 2335 Maestro
539 2292 710 2335 Erardo
738 2300 784 2336 et
814 2292 1009 2336 Martino
1038 2307 1064 2335 a
1093 2299 1253 2348 questa
1280 2298 1544 2348 pentecoste
1571 2292 1723 2333 hanno
1753 2289 1871 2333 rice—

229 2375 340 2412 uuto
363 2368 393 2411 li
415 2370 531 2413 sacri
554 2368 700 2413 ordini
722 2370 795 2412 del
813 2369 1051 2414 diaconato
1070 2361 1083 2391 '¹
1103 2376 1149 2414 et
1165 2369 1405 2427 Joachimo
1427 2369 1500 2412 del
1524 2367 1866 2411 subdiaconato:

227 2444 432 2499 Nicolao,
465 2445 710 2502 vogliando
739 2445 882 2499 Iddio,
915 2461 964 2490 se
993 2447 1019 2490 e
1050 2446 1312 2489 finalmente
1335 2445 1511 2490 offerito
1533 2459 1661 2487 come
1689 2443 1870 2488 indiffe-

227 2529 355 2567 rente
383 2538 409 2565 a
445 2523 635 2567 lasciare
663 2522 918 2577 ordinarse3
944 2537 1072 2579 pure,
1098 2537 1225 2566 come
1258 2523 1456 2565 anchora
1488 2522 1680 2565 essendo
1710 2527 1871 2577 troppo

227 2599 457 2655 neophito,
484 2606 788 2655 espettaremo
810 2614 897 2643 con
918 2600 982 2643 lui
1005 2599 1153 2643 insino
1174 2600 1231 2643 ad
1253 2614 1343 2642 vno
1366 2599 1480 2641 altro
1510 2606 1661 2654 tempo
1689 2596 1871 2641 ordina-

227 2676 294 2720 rio
316 2677 348 2720 ².
375 2678 503 2720 Hora
525 2677 739 2720 hauendo
764 2676 910 2721 inteso
932 2678 976 2720 13
997 2677 1189 2734 risposta
1210 2676 1255 2719 di
1273 2678 1330 2720 V.
1353 2677 1427 2727 R.,
1449 2690 1520 2719 me
1538 2677 1596 2718 ha
1617 2675 1875 2718 confessato

226 2753 258 2796 il
281 2768 366 2797 suo
386 2753 729 2809 impedimento,
750 2753 780 2795 il
798 2755 932 2809 quale
949 2769 1026 2798 era
1043 2753 1121 2811 piu
1138 2760 1290 2810 presto
1308 2754 1364 2796 de
1382 2753 1493 2796 farlo
1510 2752 1756 2808 procedere
1773 2749 1876 2794 colli

301 2898 311 2917 ¹
364 2895 437 2930 Ms.
457 2895 687 2930 diocanatm

298 2957 312 2976 ‘2
364 2954 638 2989 Recensentur
656 2953 744 2989 heic
762 2954 934 2990 Erardus
954 2954 1199 2990 Avantianus
1213 2955 1429 2999 (Dawant),
1445 2951 1671 2996 leodiensis,
1686 2949 1876 2987 Martinus

228 3013 527 3055 Stevordianus,
550 3013 777 3059 Joachimus
796 3013 970 3049 Vdamus
990 3013 1226 3058 (Audanus),
1245 3018 1286 3048 et
1304 3013 1490 3049 Nicolaus
1507 3011 1797 3057 Lotharingius,
1824 3009 1875 3045 de

227 3072 374 3118 quibus
393 3084 509 3119 supra
527 3077 587 3107 est
606 3072 754 3108 mentio
772 3071 891 3119 facta,
911 3072 1027 3120 epist.
1047 3071 1131 3118 786.
