2014 3470
291 243 366 277 400
684 250 686 252 ·
788 233 1028 269 Emsromn
1053 233 1194 268 Mxxn
1200 233 1342 270 13-881

243 333 368 378 detto
398 334 561 385 Padre,
602 339 648 378 et
675 332 881 378 desidera
909 335 993 378 che
1020 334 1064 377 13
1092 333 1246 378 chiesa
1273 341 1424 390 presto
1446 334 1484 379 si
1511 335 1766 392 complessi,
1798 351 1879 393 per

239 412 383 467 poter’
411 411 686 467 frequentar’
717 410 748 453 li
778 410 897 454 santi
924 410 1195 454 sacramenti
1218 411 1274 455 de
1302 411 1345 455 la
1365 418 1496 456 santa
1523 411 1807 458 confessione
1828 420 1876 458 et

240 486 580 530 communione.

327 565 393 608 Le
423 565 594 618 schole,
630 579 759 608 come
791 566 905 608 altra
941 565 1065 608 uolta
1101 564 1344 608 habbiamo
1372 565 1544 620 scritto,
1577 580 1691 610 sono
1722 572 1806 611 tre:
1838 566 1869 609 li

237 640 431 685 scholari
459 655 571 684 sono
602 643 714 685 hora
735 648 886 696 cento,
911 647 957 686 et
980 640 1109 684 molti
1131 641 1247 695 altri,
1272 643 1358 686 che
1381 649 1541 698 questa
1563 649 1708 688 estate
1730 657 1868 687 erano

234 717 481 771 manchafi,
507 718 793 762 comineiano
817 733 843 762 a
865 718 1093 762 ritornar'.
1119 719 1286 763 Soleno
1303 721 1441 763 esser’
1460 719 1660 773 ducenti,
1686 722 1869 776 quando

235 794 344 838 tutti
366 795 618 852 uenghin03
643 810 716 839 ma
737 796 766 838 1’
792 794 1018 838 ordinario
1040 809 1231 839 numero
1253 796 1279 839 e
1307 805 1403 851 150.

321 873 492 916 Nostro
515 872 700 929 Signor'
726 886 805 928 per
827 886 910 915 sua
930 872 1071 915 bonta
1099 871 1136 915 si
1158 871 1296 929 degni
1325 886 1557 917 accrescer
1584 871 1616 916 il
1637 873 1795 927 frutto,
1820 880 1867 917 et

230 962 449 1006 pregamo
467 950 523 992 V.
546 950 601 992 R.
623 950 677 992 P.
697 948 1011 1001 humilmente,
1036 950 1122 992 che
1143 948 1181 991 si
1202 948 1341 1006 degni
1357 963 1523 1006 pregar
1544 964 1624 1006 per
1646 949 1752 992 tutti
1769 949 1862 1003 noi,

229 1025 441 1069 accioche
462 1025 689 1082 possiamo
715 1024 924 1069 intendet
953 1025 1298 1081 perfettamente
1325 1026 1368 1070 la
1395 1040 1478 1069 sua
1499 1025 1756 1070 santissima
1776 1040 1863 1070 vo—

227 1103 373 1156 lunta,
393 1109 439 1147 et
460 1117 519 1146 ne
541 1101 729 1145 concedi
746 1101 894 1159 gratia
914 1117 994 1158 per
1015 1104 1158 1159 poter'
1179 1117 1356 1159 sempre
1377 1102 1599 1159 adimpir’.
1619 1102 1679 1147 Di
1703 1104 1859 1147 Paler-

225 1193 300 1222 mo
322 1194 349 1222 a
370 1179 415 1221 di
438 1191 492 1222 22
515 1179 573 1222 de
595 1179 791 1223 Ottobre
818 1189 944 1234 1554.
976 1180 1030 1222 D.
1060 1180 1117 1223 V.
1144 1180 1199 1223 R.
1227 1181 1280 1223 P.
1311 1178 1626 1237 indignissimo
1655 1193 1789 1224 seruo
1810 1179 1857 1223 in

218 1257 332 1314 Jesu
355 1255 554 1309 Christo,

1159 1335 1323 1377 PAOLo
1355 1347 1418 1377 DE
1449 1334 1675 1378 ACHILLI.

312 1410 572 1466 Inscriptio:
594 1408 624 1467 †
647 1410 708 1453 Al
729 1410 869 1453 molto
897 1410 1010 1454 Rdo.
1038 1409 1084 1453 in
1107 1409 1289 1454 Christo
1313 1410 1475 1463 Padre,
1497 1409 1527 1452 il
1550 1411 1603 1476 P
1630 1411 1692 1454 Μ.
1718 1411 1857 1467 Igna-

222 1487 285 1531 tio
312 1487 370 1532 de
401 1486 587 1542 Loyola,
619 1486 847 1543 preposito
875 1487 1090 1543 generale
1117 1487 1235 1531 della
1264 1486 1547 1543 Compagnia
1576 1487 1632 1531 de
1656 1487 1782 1545 Jesu.
1808 1487 1852 1530 A

220 1565 380 1608 Roma.

304 1642 415 1685 >Alia
436 1619 715 1686 mam-'Rsa
744 1640 819 1685 alli
846 1652 898 1698 19
919 1639 965 1682 di
987 1641 1263 1685 Nouembre.

973 1875 1086 1916 881

742 1976 1013 2015 MELCHIOR
1039 1975 1310 2014 CARNEIRO

582 2062 768 2106 PATRI
793 2061 1023 2119 JOANNI
1053 2062 1136 2104 DE
1169 2061 1469 2105 POLANCO

682 2164 885 2192 LUGDUNO
910 2164 956 2190 22
981 2162 1188 2191 OCTOBRIS
1216 2162 1307 2200 1554
1333 2154 1360 2191 ¹.

459 2238 693 2285 Lugdunum
710 2238 807 2274 socii
824 2237 1306 2285 pervenerunt.—Itineris
1323 2238 1581 2276 incommoda.

1008 2319 1038 2378 ,Γ

294 2417 388 2473 Muj
413 2418 527 2461 Rdo.
555 2417 717 2461 Padre.
745 2418 841 2460 Pax
862 2415 940 2460 X.i
964 2417 1116 2461 Todos
1137 2431 1294 2460 varnos
1314 2418 1506 2470 buenos,
1532 2423 1721 2474 excepto
1743 2416 1830 2460 mi-

201 2509 273 2538 ser
296 2496 478 2547 Tomas,
504 2507 594 2549 que
615 2509 672 2537 va
693 2495 789 2536 hun
810 2507 925 2549 poco
952 2494 1071 2537 malo
1098 2494 1156 2537 de
1182 2508 1272 2538 vna
1292 2493 1469 2550 pierna3
1499 2508 1595 2538 mas
1623 2508 1672 2538 es
1698 2493 1828 2550 quasi

200 2572 318 2615 nada
341 2572 373 2614 ².
399 2572 470 2615 De
491 2571 557 2614 las
585 2570 915 2627 caualgaduras
936 2585 1026 2614 vna
1055 2571 1153 2614 sola
1179 2585 1237 2614 va
1264 2584 1351 2614 con
1372 2571 1545 2628 grande
1573 2570 1821 2615 matadura.

268 2733 278 2754 ¹
330 2731 390 2766 Ex
407 2730 647 2777 autographo
666 2729 706 2765 in
723 2729 800 2765 vol.
820 2730 866 2774 E,
885 2729 1000 2765 unico
1017 2729 1125 2776 folio,
1143 2741 1183 2765 n.
1214 2729 1294 2775 185,
1313 2729 1420 2776 prius
1440 2729 1524 2776 503.

262 2793 276 2812 ‘²
327 2790 434 2825 Inter
451 2789 578 2825 socios
597 2800 619 2824 a
635 2789 803 2825 Polanco
821 2788 1049 2833 recensitos,
1068 2788 1117 2824 ad
1135 2788 1359 2825 missionem
1378 2789 1637 2837 aethiopicam
1655 2800 1704 2825 ex
1723 2789 1819 2825 urbe

190 2849 419 2895 destinatos,
438 2849 482 2884 P.
502 2848 669 2884 Thomas
687 2847 914 2884 Passitanus
931 2847 1142 2893 invenitur,
1160 2860 1276 2895 quem
1295 2853 1425 2885 tamen
1443 2859 1517 2884 nec
1531 2847 1734 2886 Orlandini
1749 2859 1821 2884 nec

187 2908 320 2944 Telles
338 2907 552 2944 nominant.
573 2907 672 2943 Vide
696 2908 833 2942 horum
859 2908 1079 2953 catalogum
1105 2906 1207 2954 apud
1237 2908 1455 2952 POLANCO,
1478 2913 1506 2943 t.
1532 2915 1585 2952 1v,
1608 2918 1702 2954 pag.
1733 2907 1818 2954 576,

189 2974 272 3012 577,
291 2979 330 3003 n.
354 2966 458 3012 1232,
481 2966 584 3009 1232,
603 2971 739 3003 annot.
767 2974 782 3001 1
809 2971 849 3001 et
873 2976 913 3002 2.
942 2967 1088 3002 Verum
1111 2966 1207 3002 illud
1230 2966 1442 3002 notandum
1469 2971 1543 3013 est,
1567 2965 1748 3015 quoniam
1773 2965 1813 3001 in

187 3025 380 3063 Passitani
399 3025 636 3062 mentionem
661 3024 879 3072 incidimus,
904 3025 1031 3072 ipsum
1054 3025 1211 3073 quidem
1234 3025 1449 3062 secundum
1476 3026 1693 3068 POLANCO,
1714 3030 1747 3061 t.
1771 3033 1812 3071 v,
1853 3074 1859 3077 ν
