2034 3476
362 256 443 294 ‘320
868 260 1102 296 EPISTOLAE
1127 259 1414 306 Murra-851

323 360 478 418 gentia
494 362 552 406 de
568 374 815 404 conoscere
831 361 874 405 16
891 360 1138 404 conditioni
1154 361 1251 404 loro
1269 360 1419 404 inanzi
1436 363 1522 406 che
1537 361 1783 408 intrassero
1795 397 1805 417 ,
1825 365 1856 407 il
1872 367 1958 410 che

322 438 579 483 facilmente
606 438 701 482 fare
734 437 772 480 si
804 439 918 494 puo,
950 438 1143 482 essendo
1179 444 1299 481 sotto
1335 436 1367 480 il
1403 452 1609 495 gouerno
1647 445 1802 483 nostro
1840 441 1958 486 nelle

322 517 459 568 scole,
486 522 532 559 et
554 530 580 558 a
600 513 677 557 noi
705 513 923 558 familiari.

412 594 573 646 Terzo,
605 592 647 635 13
674 606 813 636 causa
839 593 925 635 che
954 591 994 635 ci
1023 591 1172 634 debbe
1199 605 1383 635 mouere
1411 590 1490 647 piu
1518 607 1544 635 a
1570 601 1729 648 questa
1754 601 1898 651 parte,
1929 596 1955 638 6

321 671 350 713 l'
383 669 646 727 apparentia
682 669 810 726 quasi
847 676 971 714 certa
1008 670 1092 713 che
1119 667 1167 710 in
1193 667 1295 711 altri
1323 668 1482 725 luoghi
1512 670 1570 714 de
1598 670 1870 728 Allemagna
1897 672 1955 715 de

321 748 461 791 breue
484 754 634 804 tempo
656 761 705 790 se
737 746 1018 790 fondaranno
1043 744 1144 788 altri
1172 744 1354 802 collegii
1382 759 1461 802 per
1489 746 1532 789 la
1553 747 1837 804 Compagnia
1869 763 1952 792 no·
2004 806 2006 810 .

320 831 428 878 stra,
453 824 573 868 doue
594 837 789 878 saranno
812 821 1054 867 necessarii
1076 820 1271 865 scholari
1296 822 1499 866 todeschi
1520 837 1600 880 per
1621 824 1818 868 reuscire
1846 839 1952 881 pro·-

318 901 416 958 pitii
437 900 706 958 predicatori
738 915 764 943 a
793 900 941 955 quelle
971 906 1104 943 terre.
1140 900 1246 943 Non
1274 900 1327 943 ce
1354 914 1434 956 per
1462 901 1623 944 adesso
1645 915 1862 957 speranza
1893 902 1951 947 de

317 979 613 1036 guadagnare
635 977 712 1034 piu
733 976 930 1034 prouetti
958 977 1078 1021 nella
1104 979 1178 1020 eta
1205 982 1252 1020 et
1279 976 1396 1020 nelle
1424 977 1600 1030 lettere,
1626 979 1803 1022 benche
1831 979 1950 1036 dopo

316 1062 539 1112 potranno
567 1053 749 1097 alchuni
786 1052 1011 1110 maggiori
1048 1051 1275 1108 sequitare
1312 1054 1342 1095 1³
1366 1053 1590 1110 essempio
1626 1054 1732 1097 delli
1769 1055 1945 1110 minori,

315 1131 679 1175 massimamente
702 1129 839 1185 quelli
867 1131 952 1173 che
979 1143 1192 1186 vengono
1220 1129 1338 1174 della
1365 1130 1488 1173 volta
1508 1131 1566 1174 de
1589 1130 1783 1191 Bauiera
1814 1141 1860 1175 et
1890 1132 1948 1177 de

314 1208 574 1260 Sclauonia,
599 1208 717 1250 doue
739 1207 769 1249 il
790 1207 958 1263 populo
977 1222 1068 1250 non
1085 1207 1110 1250 e
1127 1205 1223 1250 cosi
1242 1206 1449 1250 aruinato
1466 1208 1582 1252 dalle
1603 1208 1795 1261 heresie,
1817 1223 1947 1254 come

315 1285 443 1342 quasi
466 1285 510 1328 in
534 1286 648 1330 altre
669 1285 819 1329 bande
841 1285 897 1327 de
920 1291 1080 1339 queste
1097 1283 1272 1340 regioni
1294 1285 1322 1327 ¹.

401 1364 627 1418 Vengono
649 1376 735 1405 con
758 1367 918 1416 queste
941 1376 966 1404 a
984 1362 1040 1404 V.
1062 1361 1116 1404 R.
1139 1362 1186 1404 M
1194 1362 1229 1403 .⁰
1248 1360 1531 1406 Theodorico
1549 1361 1733 1405 Canisio
1750 1376 1833 1405 con
1854 1363 1944 1406 Ar-

309 1440 462 1494 noldo,
487 1439 519 1482 il
540 1453 624 1482 suo
646 1444 879 1495 paesante,
911 1437 1112 1481 ambidoi
1133 1438 1191 1482 de
1212 1437 1514 1494 grandissima
1535 1438 1800 1495 semplicita.
1828 1439 1943 1495 Spe-

310 1517 450 1560 riamo
472 1517 557 1560 che
578 1516 609 1558 il
631 1515 827 1572 Signore
843 1522 1002 1558 nostro
1019 1514 1051 1556 li
1068 1515 1176 1557 dara
1192 1529 1460 1571 prosperoso
1477 1514 1679 1572 viaggio.
1700 1516 1942 1560 Domatina

308 1593 444 1637 credo
466 1607 514 1636 se
536 1591 797 1649 partiranno
819 1591 865 1634 di
887 1591 980 1647 qui.
1006 1592 1041 1634 Il
1062 1591 1260 1634 secondo
1277 1593 1458 1634 cercara
1479 1591 1523 1634 in
1548 1592 1691 1634 Roma
1713 1592 1938 1636 conditio-

307 1685 380 1723 ne,
406 1669 542 1713 cheli
565 1667 681 1712 saria
701 1668 811 1711 vtile
840 1668 882 1711 al
910 1682 993 1711 suo
1020 1667 1156 1711 finale
1185 1674 1327 1720 stato,
1360 1669 1445 1712 che
1472 1669 1498 1712 e
1528 1667 1560 1710 11
1582 1668 1860 1721 sacerdotio,
1896 1670 1938 1713 al

240 1772 280 1819 ·
308 1747 441 1802 quale
461 1746 525 1789 lui
548 1745 705 1789 ordina
725 1744 756 1788 li
778 1744 845 1788 soi
868 1744 1021 1788 studii.
1049 1746 1106 1788 V.
1133 1746 1187 1787 R.
1213 1758 1293 1800 per
1315 1744 1487 1788 charita
1508 1746 1552 1788 lo
1574 1744 1778 1788 adiutara
1800 1747 1830 1789 ².

396 1822 523 1866 Tutti
539 1821 771 1866 basciamo
788 1822 831 1865 le
848 1835 931 1866 sue
948 1820 1069 1865 mani
1087 1828 1132 1866 et
1148 1821 1629 1865 raccommandiamoci
1646 1822 1730 1865 alle
1747 1821 1939 1866 orationi

377 2052 388 2072 ¹
439 2049 511 2085 Sti.
533 2048 676 2095 Ignatii
693 2058 924 2094 responsum
937 2046 1106 2094 intelligi
1120 2051 1251 2094 potest
1264 2059 1314 2082 ex
1332 2047 1408 2094 his,
1422 2059 1522 2095 quae
1542 2048 1749 2084 memoriae
1767 2048 1937 2095 prodidit

301 2110 545 2155 POLANCUS,
563 2113 596 2143 t.
620 2116 676 2152 lv,
696 2118 784 2154 pag.
805 2114 889 2153 252,
908 2118 946 2142 n.
967 2114 1050 2152 549:
1072 2118 1162 2142 «eos
1177 2117 1291 2153 posse
1310 2106 1350 2142 in
1364 2106 1603 2142 Societatem
1618 2106 1837 2151 admittere,
1854 2106 1934 2155 qui,

299 2168 494 2204 decimum
523 2172 703 2215 quartum
734 2177 878 2201 annum
908 2166 1161 2211 excedentes,
1193 2165 1388 2202 decimum
1417 2166 1596 2213 quintum
1627 2166 1871 2212 attigissent;
1902 2166 1936 2202 si

298 2234 430 2264 tamen
448 2228 488 2263 in
505 2227 633 2274 aliquo
653 2237 773 2273 puero
798 2225 950 2272 aliquae
972 2237 1113 2261 causae
1130 2230 1423 2272 concurrerent,
1449 2230 1606 2272 propter
1629 2237 1724 2272 quas
1743 2225 1783 2262 in
1806 2231 1935 2262 aetate

301 2286 606 2334 dispensandum
623 2297 712 2321 cum
730 2296 777 2320 eo
797 2285 1010 2329 videretur,
1029 2284 1257 2332 permittere
1280 2284 1582 2320 constitutiones
1600 2289 1643 2319 ut
1661 2284 1745 2332 ipse
1769 2285 1932 2332 Praepo-

301 2347 400 2383 situs
419 2345 625 2382 Generalis
642 2344 870 2392 dispensare
888 2350 1036 2391 posset,
1052 2349 1092 2380 et
1110 2344 1215 2379 illam
1238 2343 1492 2391 dispensandi
1509 2344 1781 2380 auctoritatem
1805 2344 1844 2380 in
1861 2345 1933 2381 hac

300 2411 410 2454 parte
428 2407 471 2442 P.
495 2406 652 2452 Lanoyo
666 2403 1028 2440 communicavit...:
1046 2409 1177 2440 tamen
1190 2403 1239 2439 de
1253 2403 1545 2451 dispensatione
1559 2403 1663 2439 facta
1676 2415 1719 2439 se
1732 2403 1932 2440 admoneri

301 2467 345 2501 P.
365 2465 541 2511 Ignatius
559 2463 724 2499 voluit.»

372 2528 386 2546 ‘-’
437 2524 642 2567 Polancus,
672 2534 718 2558 ex
748 2533 845 2557 com.
878 2521 1108 2568 [scribebat]
1126 2521 1297 2567 camisio,
1332 2530 1374 2567 15
1403 2521 1584 2559 Octobris
1617 2530 1719 2567 1554:
1753 2522 1930 2559 «Charis-

298 2584 420 2620 simus
438 2583 558 2618 frater
575 2587 708 2618 noster
725 2581 991 2616 Theodoricus
1009 2580 1215 2616 incolumis
1233 2580 1282 2616 ad
1299 2591 1368 2616 nos
1386 2581 1580 2628 peruenit,
1607 2587 1647 2616 et
1664 2580 1796 2616 multis
1813 2581 1925 2618 ratio-

297 2643 412 2679 nibus
431 2642 623 2687 amabilis,
643 2646 684 2677 et
700 2640 994 2676 commendatus
1012 2640 1124 2676 nobis
1140 2645 1216 2686 est,
1235 2639 1306 2676 sed
1322 2641 1384 2676 uel
1404 2652 1480 2676 una
1499 2641 1583 2676 eius
1602 2641 1748 2688 puritas
1774 2646 1813 2676 et
1830 2653 1924 2678 ean—

294 2702 364 2738 dor
382 2703 617 2738 sufficeret.»
635 2701 685 2736 Et
702 2699 806 2735 idem
825 2699 969 2742 eidem,
993 2708 1035 2736 21
1062 2699 1310 2735 Novembris:
1338 2700 1475 2736 «Mtro.
1503 2700 1744 2750 Theodorico
1763 2701 1795 2736 si
1820 2712 1926 2737 mon-

293 2767 374 2798 stra
391 2763 458 2797 un’
478 2761 664 2807 angelo.»
683 2760 901 2802 POLANco,
925 2765 952 2795 t.
977 2768 1032 2794 1v.
1053 2770 1142 2806 pag,
1162 2759 1243 2804 248,
1264 2771 1302 2794 n.
1330 2767 1413 2805 541,
1433 2765 1570 2795 annot.
1593 2760 1791 2806 4.—A]ia,
1810 2761 1925 2807 plena

292 2820 433 2866 laudis,
458 2819 506 2855 ad
534 2818 833 2863 Theodericum,
860 2817 938 2852 Bti.
963 2817 1071 2853 Petri
1090 2817 1238 2853 Canisii
1255 2816 1429 2863 fratrem,
1455 2818 1686 2866 spectantia,
1705 2817 1795 2854 vide
1821 2819 1923 2866 apud

291 2879 473 2915 eumder'n
491 2884 705 2924 auctorem,
723 2883 751 2912 t.
772 2886 827 2921 lv,
847 2888 935 2927 pag.
962 2876 1133 2922 273-274,
1151 2889 1190 2912 n.
1211 2876 1380 2923 587-588,
1405 2884 1537 2913 annot.
1564 2887 1600 2924 2,
1625 2878 1692 2913 ubi
1715 2879 1921 2914 nonnullos

291 2937 575 2975 nominavimus
594 2936 816 2984 scriptores,
836 2936 902 2983 qui
921 2934 1024 2971 illius
1043 2935 1210 2972 virtutes
1228 2941 1268 2972 et
1285 2947 1347 2972 res
1364 2942 1497 2984 gestas
1516 2937 1657 2973 litteris
1675 2936 1917 2973 mandarunt.

290 2998 476 3033 —Socius
511 3007 604 3032 vero
638 2994 869 3031 Theodorici
903 2994 942 3030 in
976 3005 1135 3030 romano
1168 2993 1309 3030 itinere
1334 2994 1476 3031 dicitur
1509 3007 1531 3031 a
1561 2996 1778 3041 POLANCO,
1809 2996 1837 3032 l.
1868 3008 1917 3038 c.,

291 3068 381 3104 pag.
402 3055 483 3102 273,
504 3068 547 3091 n.
571 3055 654 3102 588,
674 3053 780 3101 «ejus
799 3053 1127 3100 consanguineus,
1146 3053 1302 3089 nomine
1327 3054 1538 3100 Arnoldus,
1563 3054 1916 3101 naviomagensis.»
