2034 3476
798 277 802 281 ’
865 281 912 318 29
938 272 1041 315 Man
1067 280 1160 327 1554
1713 280 1783 318 219

278 373 329 416 In
357 374 418 419 M.
448 373 654 427 Valerio,
682 373 870 418 l’essere
897 373 1070 417 audace
1090 371 1138 415 in
1159 371 1352 429 parlare,
1382 370 1595 416 massime
1616 385 1702 414 con
1726 386 1833 428 per—

190 464 302 494 sone
322 450 366 506 dj
391 450 641 494 authorita:
666 450 852 495 l’essere
872 450 1013 493 molto
1039 448 1302 493 subitaneo:
1336 448 1423 493 alle
1449 449 1573 491 uolte
1603 463 1666 491 un
1687 462 1834 505 pocco

193 525 420 571 liberetto.

273 605 334 647 *In
361 606 420 648 M.
455 603 562 649 Gio.
591 604 785 662 Ignatio,
817 605 1009 661 qualche
1034 602 1283 647 instabilita
1308 603 1353 659 dj
1384 602 1535 646 animo
1560 617 1587 645 0
1617 601 1832 659 opinione

174 681 282 726 'alle
305 682 442 726 uolte:
469 682 693 727 fermezza
714 682 834 727 nella
854 696 938 725 sua
961 680 1189 738 opinione.

281 760 332 802 In
355 761 418 803 M.
443 760 686 813 Gonzales,
711 759 743 802 il
765 766 925 817 troppo
946 758 1169 804 desiderio
1196 758 1271 802 del
1297 756 1471 801 studio:
1502 755 1729 800 l'audacia
1755 757 1831 802 nel

193 835 369 891 parlare
391 850 419 879 o
442 835 781 881 intermettersi.

281 913 332 956 In
363 915 426 957 M.
462 913 715 957 Domenico
752 929 844 957 non
874 914 943 957 s’e
979 914 1177 957 anchora
1207 912 1518 956 demonstrato
1554 911 1685 964 altro,
1719 924 1834 955 seno

193 989 345 1032 buono
369 989 558 1033 nouitio.

281 1066 457 1121 Questo
479 1068 538 1110 ho
561 1066 719 1111 scritto
740 1067 820 1124 piu
837 1073 957 1110 tosto
981 1067 1111 1118 fuora
1127 1066 1246 1111 della
1261 1065 1351 1109 mia
1368 1066 1573 1118 uolunta,
1593 1066 1677 1108 che
1694 1065 1832 1108 altra-

194 1150 367 1195 mente‚
392 1157 466 1186 ma
487 1158 567 1199 per
594 1143 803 1188 satisfare
830 1144 904 1186 all’
935 1142 1205 1196 obedienza,
1236 1143 1279 1186 la
1307 1143 1440 1199 quale
1470 1141 1556 1185 s'io
1578 1141 1834 1186 manchassi

195 1218 291 1275 (per
317 1219 521 1263 sentirmi
555 1221 743 1263 d’esser'
775 1219 854 1277 piu
881 1221 1034 1277 degno
1061 1221 1262 1265 d'essere
1289 1226 1504 1277 apontato
1532 1221 1618 1264 che
1644 1218 1835 1262 nissuno

194 1294 301 1339 delli
321 1295 437 1351 altrj)
461 1297 598 1341 credo
619 1296 680 1340 mi
708 1296 1073 1353 riprenderebbe,
1105 1296 1204 1340 acio
1225 1297 1335 1340 alias
1357 1311 1449 1340 non
1471 1296 1682 1352 scriuessj
1707 1295 1828 1339 talia.

283 1373 543 1428 Inscriptio:
574 1373 603 1431 -ξ-
626 1375 686 1417 ΑΙ
706 1375 849 1417 molto
866 1375 980 1417 Rdo.
1002 1373 1047 1417 in
1070 1373 1157 1417 X.⁰
1181 1375 1344 1427 Padre,
1369 1373 1399 1416 il
1423 1376 1475 1417 P.
1497 1376 1559 1418 M.
1582 1372 1759 1430 Ignatio
1775 1374 1836 1417 de

195 1449 391 1504 Loyola‚
416 1450 645 1506 preposito
673 1451 887 1508 generale
914 1451 1032 1494 della
1058 1451 1344 1508 Compagnia
1372 1451 1428 1495 de
1452 1452 1585 1509 Jesu,
1615 1466 1642 1494 a
1670 1452 1829 1494 Roma.

282 1527 393 1569 Alia
415 1542 569 1571 manu.
595 1526 733 1587 [R.ta]
755 1529 860 1573 addi
884 1542 909 1584 3
931 1529 989 1572 de
1009 1528 1212 1586 Giugno.

963 1728 1075 1782 852¹

720 1829 991 1868 NICOLAUS
1017 1831 1088 1865 DE
1113 1828 1297 1867 LANOY

509 1916 720 1959 PATRI
758 1915 1057 1959 IGNATlo
1096 1915 1186 1958 DE
1226 1914 1519 1959 LoYoLA

744 2018 903 2045 νιΕΝΝΑ
930 2018 977 2055 29
1001 2017 1094 2052 MAJI
1122 2017 1214 2054 1554
1242 2011 1268 2045 ¹.

190 2092 340 2128 Rursus
358 2091 408 2128 de
426 2091 660 2138 migratione
685 2096 906 2127 nostrorum
930 2092 970 2127 in
995 2091 1230 2128 coenobium
1253 2091 1566 2127 carmelitanum.
1580 2090 1838 2126 ——Desiderat

261 2151 395 2198 Lanoy
424 2158 468 2187 ut
491 2163 513 2187 a
536 2151 720 2198 pontifice
744 2151 855 2198 copia
884 2151 933 2186 ad
955 2151 995 2186 id
1019 2151 1099 2194 fiat3
1127 2151 1230 2198 quo'd
1260 2150 1326 2187 alii
1351 2151 1555 2197 negligere
1579 2149 1833 2185 videntur.—

263 2210 368 2246 Socii
386 2210 434 2246 ad
452 2222 582 2246 sacros
601 2210 757 2246 ordines
775 2210 1193 2257 promoti.—Nic01aus
1211 2210 1487 2256 Lotharingius
1512 2209 1670 2246 tandem
1695 2220 1833 2244 manus

262 2269 388 2305 victas
406 2269 748 2305 tradit.-—Studiis
765 2268 879 2305 datur
897 2280 1032 2316 opera.

972 2370 1061 2432 nis.

283 2473 348 2516 La
364 2473 511 2530 gratia
526 2473 583 2517 de
599 2475 712 2531 jesu
733 2473 933 2526 Christo,
954 2472 1139 2529 signore
1160 2478 1339 2525 nostro,
1359 2484 1514 2515 cresca
1530 2483 1706 2525 sempre
1723 2468 1829 2512 nelli

193 2549 320 2593 cuori
340 2549 499 2593 nostri.
521 2551 688 2593 Amen.
716 2552 886 2594 Vostra
907 2548 1184 2601 reverencia,
1211 2549 1325 2592 Rdo.
1349 2547 1512 2599 Padre,
1534 2548 1703 2589 hauera
1720 2547 1834 2587 hora

190 2625 338 2670 inteso
359 2640 487 2670 come
509 2626 651 2670 siamo
673 2626 842 2683 passati
858 2627 916 2670 da
938 2633 1069 2670 santo
1091 2628 1354 2670 Domeneco
1371 2625 1413 2668 al
1434 2621 1708 2666 monasterio
1724 2621 1831 2664 delli

190 2703 425 2756 carmeliti;
450 2718 524 2747 ma
540 2704 807 2756 solamente,
828 2718 958 2748 corne
974 2703 1019 2746 io
1035 2703 1168 2755 vedo,
1189 2716 1269 2759 per
1283 2702 1419 2745 modo
1436 2702 1492 2745 de
1508 2698 1691 2755 hospiti,
1714 2699 1832 2741 ben-

187 2779 273 2821 che
294 2779 537 2823 habbiamo
557 2780 734 2824 auisato
756 2780 873 2824 assai
894 2780 926 2823 il
949 2782 1079 2824 Rmo.
1105 2780 1347 2824 labacense
1367 2785 1414 2821 et
1435 2778 1632 2821 anchora
1655 2775 1683 2817 il
1706 2774 1832 2818 vice—

187 2855 442 2899 canceliero
466 2857 680 2912 generale
701 2857 742 2909 ²,
768 2859 853 2901 che
882 2857 910 2899 il
945 2856 1131 2914 negotio
1158 2855 1346 2900 doueria
1374 2869 1460 2898 con
1494 2854 1646 2895 buono
1672 2851 1834 2895 ordine

261 2957 271 2977 ¹
322 2955 382 2990 Ex
399 2955 641 3002 autographo
659 2954 699 2992 in
716 2957 797 2992 vol.
824 2958 870 2999 E,
889 2956 1037 3004 duplici
1054 2957 1164 3003 folio,
1183 2969 1226 2992 n.
1250 2964 1332 3001 105,
1352 2955 1459 3002 prius
1478 2953 1561 2989 216.

257 3017 271 3036 ²
323 3015 493 3060 Jacobus
523 3015 658 3060 Jonas,
690 3015 919 3052 viennensis
952 3016 1176 3053 academiae
1211 3013 1571 3051 vicecancellarius.
1609 3012 1833 3058 POLANCO,

188 3078 219 3109 t.
238 3082 295 3120 1v,
314 3085 403 3120 pag.
423 3082 509 3120 250,
528 3086 569 3109 n.
596 3081 770 3119 545-547.
795 3075 897 3111 Vide
916 3075 1032 3123 epist.
1052 3075 1123 3120 805
1142 3080 1182 3111 et
1199 3075 1289 3121 850.
