2060 3432
786 283 833 321 27
858 276 968 323 Jum
995 284 1085 322 1555
1637 273 1709 320 739

109 380 336 438 pretende
362 379 420 424 de
451 392 524 422 ser
546 378 669 435 buen
692 376 877 435 xpiano.
902 392 933 435 y
953 378 1113 423 desear
1133 376 1253 420 biuir
1280 391 1412 420 como
1434 376 1511 431 tal;
1536 391 1567 433 y
1589 391 1672 434 por
1693 390 1753 420 no

110 473 191 503 -ser
212 471 300 501 con
321 457 364 500 61
384 470 493 512 muy
514 455 661 512 larga,
681 469 754 498 me
775 454 934 500 remito
956 459 983 499 a
1007 456 1062 500 V.
1088 456 1164 510 R.,
1189 468 1278 511 que
1305 454 1364 499 de
1384 453 1446 497 mi
1467 460 1595 511 parte
1615 454 1659 497 16
1683 453 1755 497 in-

121 536 316 579 formata
337 533 410 577 del
432 531 641 589 negocio,
666 547 696 588 y
717 531 814 576 dira
834 532 879 576 lo
900 547 989 589 que
1011 533 1053 577 el
1074 532 1208 576 dicho
1231 532 1445 576 Mudarra
1464 532 1698 589 pretende,
1725 546 1755 588 y

114 611 165 655 61
184 612 345 656 (165560
367 624 455 666 que
476 624 534 666 yo
559 617 699 666 tengo
721 624 771 654 se
790 610 834 652 16
854 611 975 667 haga
995 624 1078 667 por
1098 609 1160 653 mi
1176 608 1326 654 medio
1340 615 1439 652 esta
1454 609 1654 663 merced,
1674 623 1756 665 por

118 702 404 746 parescerme
425 701 531 730 cosa
551 686 609 731 de
630 688 795 730 mucha
816 686 1138 731 misericordia
1173 687 1231 731 V.
1258 688 1312 730 R.
1337 686 1380 730 16
1400 686 1509 729 dara
1530 685 1591 729 mi
1613 693 1754 739 carta,

120 780 151 821 y
171 765 215 809 16
235 763 478 807 informara
498 764 556 807 de
578 764 684 807 todo
706 764 764 808 (16
783 763 844 807 mi
866 770 1009 820 parte,
1034 778 1163 807 como
1181 770 1321 820 tengo
1343 762 1494 816 dicho,
1513 777 1544 819 y
1563 777 1637 806 me
1658 762 1757 806 abi—

114 845 220 886 ·sara
251 841 308 885 (16
336 841 380 884 10
407 855 497 897 que
524 855 574 886 se
605 840 788 885 hiziere.
820 841 1018 885 Nuestro
1054 841 1202 886 Sefior
1229 840 1405 898 guarde
1435 847 1621 884 vuestra
1647 854 1756 897 muy

114 919 233 964 Rda.
259 932 465 975 persona.
493 919 563 962 De
584 917 821 962 Florencia
842 929 898 972 27
921 918 978 961 de
993 917 1115 976 Julio
1144 928 1271 973 1555.
1295 918 1368 962 De
1395 918 1451 962 V.
1479 918 1556 971 R.,

808 995 878 1039 LA
910 1008 1134 1047 DVQUESA
1151 1009 1214 1039 DE
1245 996 1552 1039 FLORENCYA.

211 1063 470 1128 Inscriptio}
491 1071 521 1130 †
543 1057 734 1129 Α111111Υ
755 1072 870 1116 Rdo.
897 1074 950 1116 Ρ.
983 1073 1124 1118 Mtro.
1160 1071 1354 1129 Ignatio,
1386 1070 1615 1129 prepdsito
1635 1071 1694 1116 de
1714 1070 1758 1114 la

116 1146 376 1205 ‘Compafiia
397 1150 598 1207 (16]6511,
622 1163 680 1192 en
701 1150 858 1193 Roma.

872 1365 998 1406 993

582 1448 890 1487 LUDOVICUS
917 1449 988 1485 DE
1012 1447 1303 1487 COUDRETO

493 1533 680 1576 PATRI
712 1533 976 1577 IGNATIO
1008 1534 1092 1576 DE
1123 1533 1383 1577 LOYOLA

651 1629 892 1657 FLORENTIA
910 1628 955 1667 27
972 1629 1073 1665 JULn
1094 1629 1184 1667 1555
1203 1620 1230 1657 ¹.

272 1703 475 1740 Sociorum
493 1709 633 1751 status,
653 1715 795 1751 mores,
814 1703 934 1749 vires,
953 1708 994 1740 et
1010 1704 1285 1752 occupationes
1302 1703 1595 1740 describuntur.

929 1787 951 1822 †

899 1825 974 1868 Ihs
1389 1883 1393 1887 ι

214 1918 357 1962 Molto
386 1918 502 1962 Rdo.
531 1918 579 1962 in
609 1918 792 1963 Christo
822 1919 984 1964 Padre.
1015 1919 1082 1963 La
1109 1918 1255 1976 gratia
1283 1925 1329 1963 et
1357 1933 1510 1963 amore
1539 1918 1585 1962 di
1612 1918 1758 1963 Giesu

118 1994 308 2039 ¹Christo
340 2009 417 2039 sea
447 2009 624 2053 sempre
654 1995 761 2040 nelli
792 1995 918 2039 cuori
950 1995 1108 2039 nostri.
1142 1996 1307 2039 Amen.
1343 1997 1519 2052 Questa
1549 1997 1650 2038 sara
1678 2010 1759 2052 per

117 2072 218 2116 ‘fare
242 2071 286 2115 la
313 2071 573 2117 obedientia
598 2072 647 2116 in
674 2071 873 2118 scriuere
899 2071 1297 2130 particolarmente
1324 2072 1381 2116 de
1413 2072 1520 2116 tutti
1551 2073 1566 2093 ²
1600 2086 1688 2116 con
1715 2072 1758 2116 le

123 2148 258 2192 lettre
278 2149 336 2193 de
357 2161 385 2203 4
406 2148 534 2194 mesi.

210 2225 444 2281 Adunque
471 2224 501 2268 11
531 2227 585 2270 P.
617 2227 681 2270 M.
706 2225 811 2270 Gio.
845 2225 1055 2279 Battista,
1086 2225 1118 2268 il
1145 2226 1252 2282 qual
1279 2227 1306 2270 ὲ
1331 2225 1539 2269 ministro
1568 2225 1613 2269 di
1634 2240 1755 2278 casa,

116 2302 320 2346 *secondo
336 2303 422 2346 che
439 2301 597 2345 ordino
614 2301 646 2345 il
662 2303 777 2346 Rdo.
799 2302 947 2347 Padre
966 2301 1248 2359 prouinciale
1264 2304 1297 2356 ³,
1317 2304 1343 2347 ὲ
1363 2309 1483 2346 stato
1503 2302 1620 2347 assai
1636 2303 1756 2346 bene

119 2379 197 2424 del
212 2393 366 2435 corpo,
386 2378 506 2422 insin
521 2380 633 2423 hora
648 2381 720 2423 ch'
740 2378 778 2422 si
794 2386 924 2424 sente
939 2379 1154 2435 alquanto
1169 2378 1434 2437 indisposto;
1460 2379 1578 2425 dello
1601 2378 1759 2436 spirito

118 2456 149 2499 6
172 2462 331 2500 tenuto
353 2455 469 2499 dalle
491 2455 659 2510 donne,
683 2457 768 2499 che
790 2456 1090 2511 frequentano
1110 2457 1154 2500 la
1174 2463 1330 2500 nostra
1345 2456 1514 2509 chiesa,
1531 2471 1594 2499 vn
1609 2462 1756 2508 santo,

122 2539 170 2577 et
191 2547 298 2589 pare
320 2533 460 2576 andar
475 2534 609 2586 bene,
629 2547 677 2576 se
693 2547 785 2576 non
802 2532 926 2576 fusse
942 2534 1026 2576 che
1043 2533 1237 2590 qualche
1253 2534 1377 2577 uolta
1393 2533 1440 2576 in
1458 2547 1579 2586 cose,
1600 2533 1686 2576 che
1701 2532 1760 2575 da

122 2623 172 2652 se
193 2624 306 2653 sono
327 2609 373 2652 di
394 2611 541 2666 pocha
561 2609 856 2666 importanza,
880 2623 972 2653 non
994 2609 1032 2652 si
1054 2617 1222 2653 mostra
1238 2616 1398 2667 troppo
1420 2609 1625 2654 studioso
1641 2608 1760 2652 della

123 2685 396 2740 obedientia3
436 2693 482 2729 et
513 2685 677 2730 scrisse
706 2685 898 2729 l'ultima
935 2687 1059 2730 uolta
1089 2687 1132 2729 al
1163 2701 1247 2730 suo
1278 2687 1434 2744 padre,
1459 2688 1543 2729 che
1564 2699 1757 2742 speraua

194 2847 204 2867 ¹
255 2846 313 2881 Ex
331 2845 571 2892 autographo
589 2844 629 2880 in
646 2845 724 2880 vol.
744 2844 1062 2892 Informationes
1078 2846 1285 2892 antiquae,
1309 2845 1456 2893 duplici
1479 2844 1587 2891 folio,
1606 2856 1650 2880 n.
1675 2852 1758 2890 104,

117 2904 227 2952 prius
244 2915 333 2952 pag.
355 2913 437 2950 254,
458 2912 541 2951 255,
559 2903 645 2951 256,
664 2904 805 2939 iterum
823 2903 895 2940 fol.
922 2912 1002 2950 114.

190 2966 206 2986 ²
256 2963 487 3007 videantur,
506 2974 605 3010 quae
623 2963 672 2999 de
688 2962 826 2999 eodem
840 2968 1070 3010 argumento
1088 2968 1224 3010 agunt,
1244 2963 1363 3011 epist.
1394 2962 1479 3008 818,
1498 2973 1587 3010 pag.
1608 2970 1693 3007 210,
1719 2966 1761 2998 et

116 3021 239 3069 epist.
258 3022 343 3069 928,
362 3034 451 3070 pag.
473 3030 558 3068 529.

195 3083 209 3103 ⁵
259 3083 431 3129 Jacobus
450 3081 612 3118 Lainez.
