2060 3432
325 235 395 282 878
456 243 460 247 ·
1014 236 1187 272 INmCES

280 339 447 383 mildad
478 338 680 396 pedimos
707 353 780 383 ser
812 337 1119 383 sauorescidos
1146 351 1233 381 con
1259 338 1326 381 las
1354 338 1587 382 oraciones
1615 354 1645 395 y
1666 338 1913 383 sacrificios

259 419 337 463 ‚de
363 417 371 475 Ι
397 431 440 461 ν.
467 431 510 474 p.
536 431 567 473 y
581 431 640 473 yo
655 416 1053 474 particularmente
1074 415 1118 459 le
1132 414 1254 471 pido,
1275 429 1404 459 como
1419 403 1517 459 mas
1533 415 1831 461 necessitado.
1853 416 1912 461 de

279 494 482 552 granada
505 506 576 549 31.
602 494 659 538 de
685 493 692 551 Ι
719 499 896 550 agostO.
927 491 934 550 Ι
961 494 1031 536 De
1053 493 1110 536 V.
1145 494 1197 536 P.
1230 491 1236 550 Ι
1264 492 1457 549 Indigno
1478 491 1628 537 sieruo
1649 507 1705 536 en
1734 493 1873 537 Chro.
1904 492 1911 551 Ι

281 572 418 629 Placa
444 570 451 629 1
484 587 503 611 »

367 647 581 706 Epistolis
609 648 746 704 hujus
773 646 1015 703 voluminis
1043 652 1385 703 anteponuntur
1407 646 1511 690 folia
1537 661 1617 691 sex
1638 660 1730 690 non
1750 660 1912 691 nume-

277 733 393 771 rata.
423 725 625 770 Primum
647 723 831 768 omnino
854 738 1015 780 purum
1038 730 1124 777 est;
1149 723 1416 776 secundum,
1442 737 1549 779 prae
1570 722 1760 768 caeteris
1775 723 1914 780 longe

276 803 490 858 crassius,
511 802 693 845 titulum
710 800 858 858 operis
875 800 1073 844 exhibet:
1093 800 1349 857 «Epistolae
1363 800 1532 845 Mixtae
1559 799 1565 858 Ι
1599 810 1647 855 15
1654 810 1677 855 5
1684 801 1794 855 5-56
1820 800 1827 858 Ι
1860 818 1901 843 ».

278 879 501 933 Tertium,
520 878 714 923 indicem
731 877 933 922 continet
949 877 1238 934 epistolarum
1257 877 1362 921 anni
1390 887 1520 932 1555.
1554 876 1680 920 Folia
1702 883 1912 932 quartum

276 964 325 1001 et
345 964 523 1002 sextum
551 970 664 1013 pura
692 962 817 998 sunt.
856 953 1065 1010 Denique
1093 955 1174 998 fol.
1215 954 1423 1010 quintum
1452 954 1589 999 index
1610 961 1679 999 est
1700 941 1930 1009 epistola-⁵

279 1049 380 1078 rum
401 1033 507 1078 anni
535 1034 664 1088 1556.
697 1032 872 1077 Indices
894 1031 1120 1087 autem‚hi
1141 1031 1394 1076 brevissimi
1422 1038 1550 1075 sunt:
1581 1038 1790 1075 auctores
1811 1037 1913 1074 tan-

280 1121 377 1155 tum
396 1111 647 1175 litterarum
669 1117 715 1153 et
736 1110 849 1162 loca,
877 1110 996 1153 unde
1019 1108 1277 1162 mittuntur,
1303 1108 1522 1152 indicant.

368 1189 594 1232 Volumen
616 1189 719 1240 hoc,
744 1186 1125 1242 quemadmodum
1147 1192 1326 1230 caetera
1353 1187 1555 1243 ejusdem
1586 1185 1739 1238 seriei,
1765 1200 1821 1230 ex
1842 1184 1908 1228 di-
1928 1229 1934 1234 ,

278 1266 420 1309 versis
438 1265 577 1308 fuisse
600 1264 707 1308 olim
728 1263 1043 1320 epistolaribus
1064 1263 1373 1308 monumentis
1390 1269 1775 1320 coagmentatum,
1797 1277 1912 1318 quae

275 1342 504 1386 hincinde
526 1356 681 1399 sparsa
702 1341 749 1384 in
772 1355 914 1384 unum
936 1355 1100 1397 corpus
1122 1341 1345 1393 coaluere,
1370 1341 1563 1384 suadent
1585 1347 1681 1383 tum
1698 1339 1796 1396 ipsa
1812 1338 1909 1396 epi—

275 1420 493 1464 stolarum
516 1418 785 1471 collocatio,·
804 1426 900 1461 tum
929 1417 1124 1463 maxime
1151 1432 1384 1470 numerus,
1417 1431 1539 1461 nunc
1561 1416 1761 1474 epistolis
1791 1431 1912 1460 nunc

278 1497 409 1550 foliis,
435 1486 695 1552 inscriptus,
721 1509 1064 1551 nonnumquam
1083 1494 1242 1539 ordine
1264 1483 1570 1548 continuatus,
1591 1509 1727 1551 saepe
1747 1493 1912 1537 immu-

276 1581 412 1627 tatus,
438 1573 680 1629 aliquando
702 1572 854 1625 etiam,
881 1572 1027 1629 priore
1055 1587 1244 1617 numero
1273 1573 1436 1625 deleto,
1463 1586 1622 1617 recens
1651 1570 1902 1628 appositus.

366 1653 503 1694 Hunc
531 1649 731 1694 codicem
764 1664 932 1706 magno
958 1649 1006 1692 in
1034 1648 1179 1706 pretio
1206 1663 1307 1693 esse
1340 1650 1600 1693 habendum
1629 1649 1913 1703 multumque

276 1727 558 1772 auctoritatis
580 1726 800 1780 obtinere,
834 1733 973 1782 patet,
1007 1733 1102 1769 turn
1132 1742 1187 1771 ex
1217 1733 1614 1769 monumentorum
1645 1739 1834 1769 numero
1865 1730 1911 1768 et

277 1804 515 1861 qualitate,
547 1794 643 1846 tum
670 1804 908 1859 praecipue
940 1790 999 1846 ex
1028 1803 1229 1859 ipsorum
1256 1810 1437 1846 natura.
1480 1802 1676 1846 Maxima
1703 1801 1824 1846 enim
1851 1815 1908 1844 ex

277 1889 404 1940 parte
425 1887 532 1925 sunt
553 1882 849 1937 autographa3
875 1881 1097 1936 quaedam
1114 1879 1366 1937 originalia3
1387 1893 1612 1936 perpauca
1629 1879 1905 1936 apographa,

275 1966 322 2004 et
343 1958 525 2015 quidem
541 1959 652 2002 haec
668 1964 960 2001 monumenta
977 1971 1160 2002 coaeva.
1180 1959 1341 2001 Ferme
1362 1956 1408 1999 in
1429 1956 1638 2000 omnibus
1662 1955 1908 2013 plicaturae

274 2038 549 2090 chartarum,
575 2033 816 2079 tabellariis
838 2033 1193 2087 cOmmissarum,
1218 2034 1266 2077 in
1287 2033 1439 2077 multis
1460 2033 1595 2077 etiam
1616 2032 1810 2090 vestigia
1831 2046 1908 2076 ee-

277 2127 352 2157 rae
370 2113 531 2155 rubrae
554 2105 821 2155 cernuntur.
854 2112 1050 2155 Demum
1073 2103 1288 2167 epistolae
1310 2099 1493 2155 nostrae
1514 2117 1638 2154 tanta
1659 2110 1749 2154 fide
1771 2116 1818 2154 et
1834 2123 1907 2152 re-

275 2189 445 2247 ligione
460 2195 568 2232 sunt
584 2195 804 2242 servatae,-
826 2194 876 2230 ut
897 2189 1150 2232 habeantur
1171 2203 1293 2232 nunc
1315 2174 1470 2244 quales
1492 2202 1518 2231 a
1535 2187 1628 2231 suis
1645 2186 1906 2230 auctoribus

277 2268 404 2311 fuere
441 2264 738 2329 conscriptae,
778 2265 913 2308 nullis
950 2265 1342 2309 emendationibus
1379 2271 1457 2309 aut
1492 2263 1639 2308 lituris
1676 2265 1732 2308 ab
1761 2248 1904 2308 aliena

276 2357 414 2387 manu
432 2342 579 2386 factis.
612 2342 744 2397 Quae
765 2341 915 2393 omnia
937 2343 1132 2385 reddunt
1152 2343 1241 2386 hoc
1263 2343 1377 2398 o'pus
1398 2357 1505 2386 vere
1522 2340 1788 2398 genuinum,
1807 2355 1905 2384 ma-

274 2433 504 2476 gnamque
525 2418 670 2463 eidem
693 2417 1011 2462 auctoritatem
1029 2418 1290 2462 conciliant.
1563 2400 1567 2406 ’

365 2496 626 2552 Scripturae
646 2494 775 2547 ratio,
802 2501 851 2537 ut
874 2509 954 2552 par
974 2502 1058 2548 est,
1084 2509 1165 2551 pro
1186 2495 1404 2540 varietate
1433 2502 1668 2539 auctorum
1691 2501 1736 2540 et
1757 2493 1903 2537 natio—

274 2587 399 2625 num,
425 2571 660 2628 multiplex
683 2578 727 2614 et
749 2571 873 2616 varia
895 2586 994 2616 esse
1015 2573 1231 2625 debebat;
1263 2571 1522 2628 saepissime
1543 2586 1651 2615 vero
1673 2577 1899 2614 accurata:

272 2650 313 2692 si
335 2649 515 2705 quando
538 2662 670 2692 secus
691 2648 860 2701 evenit,
882 2649 1098 2692 lectorem
1121 2663 1205 2691 suo
1226 2649 1328 2692 loco
1350 2648 1626 2692 monuimus.
1654 2648 1839 2701 Charta,
1863 2646 1902 2690 si

274 2726 490 2782 pauculas
531 2724 750 2781 excipias,
796 2731 1046 2769 atramento
1085 2739 1288 2769 corrosas
1325 2732 1403 2769 aut
1441 2732 1668 2770 vetustate
1706 2723 1896 2776 attritas,

275 2803 443 2846 munda
465 2809 510 2847 et
532 2802 579 2844 in
601 2802 719 2869 bono
742 2815 828 2844 usu
850 2808 933 2846 est.

953 2932 1137 2973 Codex
1165 2932 1218 2974 ὖ.
1259 2913 1264 2919 ”

364 3033 722 3091 Informationes
745 3034 1089 3088 antiquata—In
1111 3033 1191 3076 fol.
1230 3034 1365 3091 (320112
1389 3044 1442 3079 ><
1467 3033 1600 3090 210111)
1629 3034 1746 3078 bene
1773 3046 1901 3076 com-
