2060 3432
880 272 922 310 15
948 265 1062 312 JUNn
1090 272 1180 310 1555
1727 263 1798 311 693

214 366 381 413 zelanti
410 367 484 409 nel
511 367 667 410 honor’
696 365 834 410 d’Dio
861 373 907 409 et
934 366 1080 410 salute
1106 365 1365 419 del’anime3
1397 372 1443 411 et
1475 372 1637 422 questo
1664 365 1703 410 si
1730 367 1848 412 uede

216 457 368 489 essere
393 442 426 486 il
452 443 549 486 loro
577 443 673 487 solo
700 442 875 486 intento
902 441 951 485 in
980 448 1098 486 tutta
1124 442 1168 486 la
1193 442 1260 486 lor
1287 441 1554 497 christiana,
1579 442 1782 487 uirtuosa
1802 449 1849 488 et

217 519 430 578 religiosa
451 519 812 565 conuersatione,
868 516 871 519 ⁴

307 597 363 643 Ci
393 612 537 642 sonno
565 600 735 643 anchor
761 600 869 645 stati
895 605 941 643 et
968 612 1114 643 sonno
1143 598 1241 643 utili
1262 599 1310 643 in
1341 599 1584 656 insegnare
1612 597 1772 642 lettere
1802 603 1850 641 et

216 676 359 719 buon'
384 675 578 719 costumi
600 675 642 719 ai
663 676 808 720 nostri
832 674 1046 721 ianciulli.
1072 677 1130 720 Et
1150 677 1329 720 benche
1350 675 1475 733 dagli
1496 674 1597 718 altri
1626 673 1782 717 mastri
1803 672 1849 717 di

216 753 403 796 schuola
423 752 622 796 habbino
643 754 819 797 hauuto
841 753 1040 809 qual'ch'
1065 759 1314 806 contrasto,
1348 759 1394 797 et
1422 767 1503 810 per
1524 751 1610 804 cio,
1635 758 1681 795 et
1702 752 1848 795 anche

214 843 296 886 per
317 843 468 874 essere
489 829 595 872 stati
617 830 692 874 nel
719 829 914 887 collegio
941 829 1096 873 mastri
1123 829 1459 884 oltramontani,
1490 843 1583 872 non
1613 827 1656 872 si'
1678 827 1804 871 sieno
1831 827 1847 871 i

211 905 418 949 cittadini
439 905 755 950 intieramente
775 906 1012 951 assicurati
1033 905 1080 949 di
1101 906 1355 964 mandargli
1377 906 1392 949 i
1414 905 1516 950 suoi
1534 904 1750 958 fanciulli,
1776 911 1845 947 te-

214 983 378 1027 mendo
400 983 517 1027 della
539 982 785 1039 pronuntia
804 984 996 1027 barbara
1017 989 1064 1026 et
1084 983 1158 1027 del
1179 984 1314 1027 modo
1335 983 1423 1028 del’
1447 982 1662 1039 insegnar
1690 995 1846 1025 nuouo

210 1059 271 1103 da
293 1066 453 1115 queste
473 1059 638 1112 bande,
663 1058 939 1104 nondimeno
958 1061 1112 1103 hanno
1139 1074 1317 1116 sempre
1337 1060 1462 1103 buon
1482 1072 1672 1102 numero
1693 1058 1846 1101 d'sco-

213 1135 310 1188 lari,
334 1136 545 1180 hauendo
566 1150 667 1180 reso
689 1142 825 1179 conto
847 1135 893 1179 di
913 1151 964 1180 se
985 1143 1030 1181 et
1051 1137 1159 1180 dato
1180 1136 1307 1180 molti
1328 1135 1461 1193 saggi
1483 1135 1556 1179 del
1577 1135 1761 1192 profitto
1781 1133 1846 1177 d’i

210 1211 428 1264 sancium,
461 1212 683 1256 facendoli
711 1212 902 1257 recitare
931 1212 1100 1270 dialogi
1127 1212 1285 1256 morali
1306 1219 1351 1257 et
1373 1212 1566 1256 orationi
1594 1213 1637 1255 al
1657 1211 1842 1268 populo,

211 1295 259 1333 et
279 1289 441 1333 adesso
462 1302 512 1332 se
532 1295 776 1334 retrouano
804 1303 890 1332 con
917 1296 1052 1333 cento
1079 1289 1325 1345 cinquanta
1352 1288 1528 1342 scolari,
1558 1295 1604 1332 et
1634 1287 1679 1332 ui
1700 1301 1846 1331 sonno

209 1364 338 1408 molti
369 1365 446 1422 gia
476 1365 676 1422 prouetti
707 1366 826 1410 nella
856 1365 1015 1423 lingua
1046 1365 1200 1420 latina3
1235 1373 1282 1410 et
1313 1367 1558 1410 attendono
1580 1365 1667 1409 alla
1686 1363 1846 1421 lingua

209 1456 350 1499 greca
370 1449 417 1487 et
437 1457 463 1485 a
485 1443 566 1485 far’
591 1442 727 1486 uersi.
754 1443 812 1485 Et
833 1449 978 1486 stamo
999 1457 1086 1486 con
1106 1443 1260 1486 buona
1280 1457 1497 1499 spetanza
1519 1444 1591 1486 ch’
1615 1442 1703 1486 alla
1723 1441 1846 1498 gior-

208 1525 318 1562 nata
338 1519 508 1576 haggia
529 1519 587 1562 da
607 1533 814 1564 crescere
835 1533 969 1562 uerso
991 1519 1036 1562 di
1057 1520 1153 1563 loro
1175 1520 1219 1563 la
1240 1519 1485 1564 deuotione
1506 1519 1579 1562 del
1606 1518 1776 1575 populo
1798 1524 1844 1563 et

206 1602 670 1651 consequentemente
695 1595 755 1639 da
779 1595 877 1639 loro
906 1596 949 1640 al
975 1597 1144 1654 populo
1170 1595 1342 1653 haggia
1362 1596 1421 1639 da
1450 1594 1691 1652 prouenire
1712 1609 1844 1651 mag-

208 1672 313 1729 gior
333 1673 474 1716 frutto
503 1679 674 1728 quanto
701 1673 787 1716 alle
814 1673 989 1727 lettere,
1021 1680 1194 1730 quanto
1225 1672 1268 1717 ai
1295 1672 1506 1726 costumi,
1531 1679 1578 1715 et
1608 1678 1778 1727 quanto
1800 1671 1843 1714 al

208 1748 382 1805 spirito.

297 1826 355 1869 Et
375 1840 455 1882 per
475 1826 506 1868 l’
533 1825 719 1883 obligho
741 1827 814 1869 ch’
833 1833 995 1881 questa
1016 1826 1126 1871 citta
1142 1827 1189 1870 ui
1205 1827 1231 1871 e
1253 1833 1458 1879 astretta,
1478 1825 1538 1878 io,
1558 1839 1638 1882 per
1655 1824 1687 1867 il
1703 1824 1843 1881 luogo

205 1903 441 1959 ch’tengo,
472 1918 530 1948 ne
558 1903 700 1947 rendo
727 1902 874 1959 gratie
901 1917 928 1946 a
954 1904 1012 1948 V.
1043 1905 1099 1948 R.
1130 1911 1176 1948 et
1197 1918 1224 1947 a
1253 1910 1372 1946 tutta
1392 1903 1436 1946 la
1463 1900 1839 1959 congregatione,

207 1979 503 2024 offerendomi
524 1979 571 2023 in
593 1979 703 2037 ogni
724 1978 963 2024 occasione
984 1980 1059 2024 alli
1079 1981 1163 2024 lor'
1181 1979 1376 2032 comodi,
1397 1986 1444 2024 et
1464 1977 1842 2022 ricomandando-

205 2056 270 2099 mi
301 2056 347 2099 di
378 2057 594 2100 continuo
626 2058 714 2101 alla
744 2064 900 2102 uostra
926 2057 1099 2102 charita
1130 2065 1177 2103 et
1197 2057 1403 2101 orationi.
1429 2056 1489 2101 Di
1518 2054 1718 2112 Perugia
1738 2054 1770 2096 il
1793 2052 1841 2097 di

211 2134 299 2190 XV
321 2133 366 2176 di
387 2133 585 2190 Giugnov
599 2134 672 2178 del
694 2135 791 2178 LV.
817 2134 877 2178 Di
899 2135 957 2179 V.
983 2136 1038 2178 R.
1065 2149 1194 2178 come
1217 2135 1410 2188 fratello,

921 2212 1277 2256 MARcANToNlo
1311 2212 1542 2263 ORADINI,

875 2281 1043 2325 vicario
1065 2282 1138 2325 del
1159 2283 1290 2326 Rmo.
1317 2281 1363 2325 di
1386 2279 1599 2337 Perugia.

298 2358 562 2414 Inscriptio:
589 2358 704 2401 Rdo.
736 2357 918 2401 domino
946 2358 1125 2415 Ignatio
1153 2373 1180 2402 a
1207 2359 1397 2415 Loyola,
1421 2355 1844 2414 praeposito'gene-

207 2433 289 2477 rali
311 2433 550 2479 Societatis
566 2436 694 2492 JeSU‚
717 2442 826 2488 etc.,
850 2436 1037 2480 Romae.
