2054 3496
321 231 368 268 25
820 233 1061 270 prsroLAE
1086 234 1376 280 Murrus—750

275 336 419 390 pater’
445 333 648 391 inganno
668 333 759 378 dali
777 335 878 378 altri
901 349 955 380 ce
976 336 1309 392 deputassemo.
1335 337 1393 380 Et
1409 337 1576 393 perche
1591 337 1634 379 la
1650 336 1699 380 S.
1721 336 1778 379 V.
1800 348 1914 378 con-
1934 342 1937 345 '

270 411 492 454 siderarra
522 410 691 468 meglio
723 412 768 454 10
801 413 942 456 frutto
964 414 1139 469 grande
1170 428 1220 458 se
1247 428 1306 458 ne
1333 428 1393 471 po
1426 419 1664 470 apportare
1695 427 1722 456 a
1753 419 1914 455 nostro-

269 488 454 545 signore
477 489 619 542 Iddio,
645 503 737 532 non
760 504 812 533 ce
835 490 1082 547 allargamo
1105 491 1388 535 altramente:
1413 492 1456 535 16
1474 491 1663 545 ,basamo
1690 490 1733 533 la
1754 503 1905 542 mano,

268 572 315 608 et
335 580 439 610 esso
471 565 667 623 Signore
694 567 723 609 l’
759 566 927 623 inspire
948 567 977 610 il
1008 582 1145 611 cuore
1179 568 1236 611 ad
1258 569 1408 623 quello
1430 569 1471 611 le
1500 568 1566 611 sia
1593 567 1672 623 piu
1699 565 1901 610 seruitio.

268 645 340 686 Da
375 643 538 699 Napoli
574 643 605 685 il
642 643 689 687 di
728 643 832 700 vij.⁰
872 645 928 688 de
966 645 1184 689 Gennaro
1227 655 1354 700 1554.
1397 645 1457 688 ΑΙ
1494 644 1715 687 comando
1751 643 1808 686 de
1844 643 1902 686 V.

273 721 321 765 S.
347 719 473 775 R.da,

600 799 655 841 L1
678 811 1005 842 GOUERNADOR
1010 812 1031 851 J
1061 799 1162 842 dela
1189 797 1513 841 confraternita
1540 798 1597 842 de
1624 803 1782 841 sancta
1810 798 1910 840 Ma-

274 874 339 917 ria
361 875 418 918 de
434 876 459 932 J
464 876 561 927 esu,
587 875 644 918 de
666 874 976 931 redemptione
992 876 1050 919 de
1070 875 1256 931 captiuj.
1282 875 1548 931 Sequuntur
1568 875 1773 917 nomina.

363 952 624 1015 Inscriptio:
647 953 707 995 Al
730 953 871 994 molto
892 951 1137 1008 magnifico
1166 959 1211 996 et
1234 953 1350 995 Rdo.
1385 955 1447 996 M.
1481 951 1674 1008 Ignatio,
1699 951 1915 1008 generale

272 1029 344 1073 del
367 1043 497 1072 sacro
525 1029 718 1085 collegio
746 1030 804 1073 de
833 1030 875 1072 la
899 1028 1183 1085 Compagnia
1204 1030 1262 1074 de
1283 1031 1411 1087 jesu,
1443 1036 1598 1073 nostro
1626 1027 1907 1072 honorando.

272 1107 430 1149 Roma.

1030 1323 1148 1363 750

751 1412 1001 1448 ANDREAS
1028 1413 1422 1450 GALVANELLUS

650 1504 837 1546 PATRI
868 1504 1132 1548 IGNATIO
1164 1505 1248 1547 DE
1280 1504 1539 1548 LOYOLA

761 1607 979 1634 MORBENIO
1004 1608 1027 1643 9
1051 1608 1245 1641 JANUARn
1274 1606 1365 1644 1554
1393 1600 1418 1633 ¹.

271 1688 484 1735 Ignatianis
503 1688 644 1724 litteris
662 1688 891 1735 respondet.
904 1688 1055 1735 —Quid
1082 1688 1274 1724 Morbenii
1292 1694 1399 1735 agat,
1419 1700 1535 1736 quarn
1559 1693 1692 1724 teneat
1719 1688 1909 1724 rationem

340 1747 379 1782 in
398 1747 623 1783 excolendis
642 1747 796 1794 incolis,
821 1747 963 1800 quibus
989 1752 1119 1783 utatur
1143 1747 1268 1794 libris,
1296 1759 1394 1795 quos
1418 1747 1602 1784 adhibeat
1625 1747 1910 1794 consiliatores,

338 1807 430 1855 quid
449 1807 637 1843 haeretici
654 1807 800 1854 dicant,
819 1807 944 1855 qualis
962 1807 1131 1854 denique
1155 1807 1305 1843 fructus
1324 1807 1448 1843 labori
1472 1807 1719 1854 respondeat,
1744 1819 1910 1843 summa-

342 1867 411 1901 tim
430 1865 678 1913 perstringit.

359 1958 424 2000 La
451 1956 598 2013 gratia
625 1963 671 2001 et
699 1971 811 2013 pace
837 1957 911 1999 del
940 1963 1095 2000 nostro
1123 1956 1295 2013 signor’
1315 1959 1427 2014 Jesu
1460 1959 1579 2013 Xpo.
1611 1971 1789 2013 sempre
1817 1957 1913 2000 scia

271 2034 335 2077 fra
357 2034 451 2089 nuj.
480 2033 572 2077 Alli
595 2033 743 2089 quatri
759 2034 833 2076 del
850 2041 1060 2090 presente
1077 2033 1285 2078 receuitti
1307 2035 1426 2077 duoe
1458 2033 1608 2078 littere
1628 2034 1745 2077 della
1767 2035 1821 2077 R.
1849 2035 1908 2077 V.

344 2161 353 2180 ¹
405 2160 463 2193 Ex
482 2160 722 2206 autographo
739 2159 779 2194 in
798 2160 877 2195 vol.
904 2160 955 2205 D,
974 2158 1119 2206 duplici
1137 2158 1244 2205 folio,
1264 2171 1303 2194 n.
1322 2168 1383 2204 42,
1403 2158 1510 2206 prius
1529 2158 1749 2204 27o.—Etsi
1767 2158 1816 2194 ad
1833 2160 1914 2194 cal-

271 2230 356 2253 cem
375 2218 564 2265 epistolae
583 2219 740 2265 legitur:
763 2220 845 2254 «ali
867 2219 977 2264 94161
989 2221 1173 2266 presente
1195 2227 1325 2264 1553,·»
1345 2223 1476 2254 tamen
1495 2218 1764 2254 existimamus
1783 2218 1913 2254 datam

275 2276 397 2312 fuisse
417 2278 621 2324 epistolam
643 2278 706 2314 die
725 2291 747 2314 a
764 2279 878 2314 nobis
895 2279 1116 2325 designato,
1134 2290 1190 2313 sc.
1209 2288 1231 2323 9
1249 2278 1423 2324 Januarii
1444 2286 1547 2323 1554.
1568 2278 1724 2313 Etenim
1738 2278 1778 2313 in
1792 2278 1915 2325 prima

276 2336 494 2372 litterarum
518 2337 679 2384 periodo
705 2338 841 2374 scribit
865 2338 1133 2374 Galvanellus:
1160 2337 1264 2373 «Alli
1286 2337 1412 2385 quatri
1436 2337 1499 2372 del
1524 2343 1707 2384 presente
1731 2337 1914 2373 receuitti

274 2396 376 2431 duoe
395 2397 524 2432 littere
543 2397 645 2433 della
663 2398 709 2432 R.
730 2398 781 2433 V.
807 2409 881 2433 con
898 2398 998 2433 duoe
1017 2397 1264 2434 instructioni
1288 2397 1423 2433 scritte
1442 2396 1508 2432 alli
1534 2405 1577 2442 14
1600 2397 1649 2432 de
1674 2397 1913 2444 Nouembre‚

273 2455 374 2491 doue
392 2456 429 2491 io
446 2457 496 2491 ho
511 2457 614 2492 uisto
630 2462 732 2493 tutto
749 2458 894 2504 que110‚
910 2459 982 2493 che
1001 2459 1089 2493 uole
1108 2459 1145 2493 la
1162 2458 1209 2493 R.
1230 2458 1279 2492 V.
1299 2458 1375 2494 che,
1389 2457 1426 2492 io
1442 2456 1542 2492 facia
1560 2456 1689 2492 circha
1705 2457 1741 2492 la
1755 2468 1847 2492 cura
1864 2456 1914 2492 de

273 2516 501 2561 Morbegn03
515 2529 532 2550 »
552 2528 651 2563 quae
670 2516 827 2563 quidem
846 2518 1055 2553 cohaerere
1074 2517 1259 2552 videntur
1275 2528 1364 2552 cum
1383 2515 1452 2562 iis,
1471 2527 1572 2563 quae
1590 2515 1639 2551 ad
1656 2527 1800 2551 annum
1823 2523 1915 2561 1554

275 2575 392 2610 tradit
410 2576 629 2621 POLANCO,
649 2580 677 2610 t.
697 2585 754 2622 lv,
772 2587 864 2622 pag.
894 2576 973 2621 135,
993 2588 1031 2611 n.
1052 2584 1136 2621 270:
1159 2577 1378 2611 «Evocatus
1396 2574 1525 2610 fuerat
1543 2574 1745 2610 Morbenio
1763 2575 1807 2610 P.
1834 2575 1914 2611 An-

275 2634 387 2669 dreas
419 2635 675 2671 Galvanellus
700 2635 740 2671 in
765 2641 952 2671 autumno
982 2635 1255 2683 praecedentis
1279 2635 1370 2671 anni
1395 2633 1519 2681 [1553]
1543 2640 1586 2669 ut
1615 2633 1803 2669 Venetias
1826 2634 1916 2679 iret;

275 2694 452 2740 quamvis
478 2695 675 2730 litterulae
700 2695 874 2730 inclusae
901 2695 1060 2730 fuerunt
1084 2695 1184 2741 aliis,
1209 2693 1352 2742 quibus
1379 2693 1680 2740 permittebatur
1698 2698 1756 2739 ut,
1782 2692 1816 2728 si
1837 2704 1915 2728 non

274 2759 407 2800 posset
426 2753 510 2789 sine
531 2765 671 2800 magna
690 2754 1022 2790 morbeniensium
1041 2753 1258 2790 offensione
1276 2753 1476 2798 recedere,
1495 2763 1571 2788 non
1589 2752 1736 2797 statim,
1755 2752 1860 2799 quod
1878 2753 1915 2790 ei

276 2813 319 2847 P.
340 2813 517 2858 Ignatius
541 2813 793 2860 injungebat,
821 2819 1124 2861 exequeretur».
1150 2814 1358 2849 Praeterea
1375 2823 1554 2848 romanas
1580 2812 1753 2858 litteras,
1779 2820 1822 2857 14
1838 2811 1916 2854 No—

278 2872 449 2908 vembris
465 2873 590 2920 datas,
609 2873 658 2908 de
676 2874 818 2920 quibus
836 2874 1076 2909 mentionem
1097 2873 1350 2909 Galvanellus
1368 2871 1476 2918 facit,
1495 2871 1543 2906 ad
1561 2883 1705 2913 annum
1722 2870 1814 2917 1553
1830 2882 1916 2918 spe-

275 2936 396 2973 ctare,
427 2932 585 2968 minime
617 2944 710 2968 vero
735 2933 783 2968 ad
810 2941 915 2979 1552,
948 2933 1032 2968 erui
1061 2932 1156 2968 satis
1187 2931 1342 2967 videtur
1368 2943 1417 2966 ex
1440 2931 1525 2977 ipso
1555 2931 1774 2976 POLANCO,
1801 2935 1830 2965 t.
1854 2939 1913 2977 111,

275 3002 362 3036 pag.
384 3000 464 3037 122,
480 3004 519 3027 n.
536 2991 619 3038 239,
634 3004 710 3039 quo
724 2997 882 3029 auctore
901 2992 1067 3028 «missus
1085 2991 1212 3027 fuerat
1226 2990 1400 3026 Bononia
1413 2991 1458 3025 P.
1475 2989 1653 3025 Andreas
1671 2991 1744 3025 sub
1761 2993 1912 3025 autum-

271 3061 364 3084 num
383 3051 473 3086 anni
493 3051 765 3097 praecedentis
784 3052 981 3098 [nimirum
999 3051 1090 3087 anni
1111 3050 1216 3097 1552]
1233 3050 1273 3086 in
1292 3049 1618 3097 oppidumVallis
1635 3049 1825 3095 Tellinae,
1844 3060 1912 3084 no-
