2060 3450
304 223 374 271 598
791 217 1031 253 EP1STOLAE
1056 213 1345 258 Mutua—949

254 326 313 370 sit
334 327 420 368 che
440 324 470 366 l'
495 322 610 365 altra
632 319 873 363 introduce
895 315 1006 373 ogni
1027 315 1161 366 malo,
1187 322 1232 359 et
1253 315 1357 358 leua
1378 314 1487 371 ogni
1515 315 1647 368 bene,
1674 323 1719 359 et
1742 316 1786 359 fa
1808 317 1907 362 cher

256 404 287 445 1'
311 400 471 446 ordine
493 396 800 444 ecclesiastico
821 394 887 438 sia
911 399 1070 438 tenuto
1086 392 1132 434 in
1150 405 1295 448 puoco
1313 398 1449 434 conto
1466 398 1511 436 et
1529 391 1778 446 riuerenza‚
1800 392 1909 437 imo-

257 479 462 536 uilipeso,
494 457 683 519 dandosi
712 471 919 527 beneficij
951 476 996 515 et
1024 469 1252 526 prelature
1273 484 1299 512 a
1326 482 1468 521 some,
1494 483 1520 512 a
1548 484 1738 526 persone
1761 471 1895 515 total-

259 561 412 600 mente
443 553 656 609 indegne,
693 556 818 594 tanto
850 562 929 604 per
965 547 1315 595 manchamento
1347 546 1404 589 de
1436 546 1611 600 lettere,
1646 554 1815 602 quanto
1846 548 1905 592 div

262 634 418 676 buona
437 630 546 682 vita,
571 627 688 680 anci,
713 641 792 683 per
814 625 910 668 dire
939 623 970 666 11
997 637 1122 675 vero,
1148 637 1174 665 a
1202 636 1394 678 persone
1420 621 1598 676 vitiose,
1623 623 1654 666 il
1681 624 1759 680 pisi
1779 625 1910 670 delle

265 710 403 762 uolte3
428 706 550 763 quali
573 703 694 761 puoi‚
721 702 857 748 etiam
880 703 965 746 che
985 701 1015 743 1’
1039 701 1207 742 huomo
1230 714 1322 743 non
1343 700 1524 745 volesse
1541 701 1724 745 credere
1745 716 1901 748 essere·

263 785 356 839 tali,
381 787 406 828 e
429 787 679 827 constretto
702 779 778 836 pisi
801 781 886 823 che
907 777 1109 822 crederlo
1131 777 1205 819 dal
1226 777 1323 819 loro
1345 777 1480 820 modo
1501 776 1547 819 di
1571 777 1728 823 uiuere
1749 785 1795 822 et
1815 780 1899 823 ha-

262 863 375 916 bito,
401 874 528 905 come
549 859 587 902 si
608 858 724 902 vede
746 855 898 912 quassi
919 855 964 898 in
989 853 1094 897 tutti
1115 853 1144 896 li
1168 853 1424 910 cortigiani,
1452 861 1498 899 et
1514 855 1687 911 grande
1709 871 1913 901 numero-

266 942 322 984 de
344 937 483 995 quelli
506 934 704 994 (ohime),
730 935 815 977 che
837 932 1006 976 uiuano
1024 932 1110 976 alle
1126 945 1257 987 spese
1273 931 1330 974 de
1346 931 1490 976 Giessi
1513 932 1696 976 Christo
1725 933 1901 977 crocifi-

269 1031 343 1070 xo,
369 1013 553 1059 caricati
575 1013 632 1055 de
653 1008 862 1065 beneficij
889 1010 1033 1067 (come
1054 1007 1164 1051 muli
1186 1007 1232 1051 di
1254 1008 1530 1066 mercantie>,
1561 1016 1607 1052 et
1628 1010 1919 1054 nondimeno-

267 1093 300 1136 11
324 1092 401 1136 vni
423 1090 468 1133 di
495 1091 592 1133 loro
620 1094 810 1145 portano
840 1085 996 1129 habito
1023 1086 1080 1128 da
1108 1084 1437 1141 genffilhuomo,
1470 1092 1515 1130 et
1541 1086 1573 1128 11
1601 1086 1701 1130 altri
1728 1088 1786 1131 da
1813 1095 1913 1132 sta-
1957 1111 1960 1115 ⁴

278 1168 436 1227 phieri‚
461 1174 506 1210 et
528 1167 571 1210 13
591 1165 686 1213 vita
705 1165 802 1208 loro
823 1170 868 1207 et
891 1161 1106 1208 exercitio
1127 1161 1324 1205 consiste
1347 1162 1490 1220 (come
1506 1165 1652 1207 ancho
1670 1164 1742 1208 voi
1764 1166 1925 1223 sapeti‘⁷

279 1246 439 1302 meco),
470 1244 516 1287 in
544 1242 747 1299 pratiche
775 1242 831 1284 de
859 1239 1088 1292 bancheti,
1119 1238 1287 1296 giochi,
1319 1247 1363 1283 et
1394 1240 1572 1285 femine.
1603 1243 1638 1285 Il
1666 1245 1750 1288 che
1776 1259 1862 1301 pur
1883 1248 1923 1291 er-

276 1323 449 1382 grande
481 1322 640 1372 abuso,
677 1326 722 1363 et
755 1319 867 1362 fatto
899 1317 1053 1374 degno
1084 1315 1129 1359 di
1162 1317 1336 1374 grande
1364 1317 1768 1375 animaduersione,
1792 1337 1841 1366 se
1869 1324 1907 1366 si

273 1399 510 1457 risguarda
531 1399 665 1450 bene,
691 1411 820 1440 come
842 1396 900 1438 da
923 1394 1000 1437 tali
1018 1408 1210 1450 persone
1228 1409 1341 1438 sono
1358 1395 1477 1451 spesi
1495 1395 1525 1437 li
1546 1397 1650 1439 beni
1673 1400 1905 1455 temporali

275 1478 377 1522 dela
399 1475 551 1520 chiesa
572 1474 982 1525 inhonestamente,
1008 1471 1129 1527 quali
1151 1485 1235 1527 pur
1256 1486 1368 1515 sono
1397 1473 1611 1517 oblationi
1638 1475 1711 1517 del
1741 1477 1907 1533 populo

277 1556 438 1599 offerte
460 1568 486 1596 a
506 1551 595 1596 Dio
618 1564 696 1607 per
718 1550 897 1606 placare
925 1549 955 1591 l’
987 1549 1052 1591 ira
1073 1563 1156 1591 sua
1177 1555 1334 1592 contra
1355 1549 1386 1591 li
1413 1549 1479 1593 soi
1502 1551 1690 1606 peccati3
1722 1560 1768 1596 et
1793 1568 1843 1597 se
1870 1555 1919 1599 si:-

279 1630 514 1674 considera
536 1642 664 1672 come
686 1627 743 1670 da
765 1626 859 1679 tali,
879 1641 971 1669 non
989 1625 1065 1682 gia
1081 1641 1160 1682 per
1178 1640 1314 1681 opere
1336 1626 1526 1671 ministri
1548 1629 1604 1672 de
1620 1629 1723 1683 Dio,
1743 1645 1816 1674 ma
1831 1631 1909 1688 pisi

281 1714 431 1764 presto
459 1706 532 1750 del
560 1719 645 1748 suo
675 1703 951 1755 aduersario,
984 1704 1009 1746 ὲ
1039 1702 1246 1759 uilipeso,
1278 1709 1323 1746 et
1350 1705 1615 1748 conculcato
1637 1706 1667 1749 il
1688 1721 1832 1761 sacrO,
1864 1715 1910 1754 et

282 1791 428 1836 santo,
449 1790 494 1827 et
513 1781 811 1825 tremebundo
829 1795 962 1823 nome
978 1780 1035 1824 de
1051 1779 1155 1833 Dio,
1175 1786 1220 1822 et
1238 1779 1451 1823 sminuita
1467 1782 1496 1823 1’
1521 1782 1849 1829 existimatione
1865 1793 1910 1830 et

284 1860 459 1917 dignita
476 1857 794 1904 ecclesiastica.
814 1856 1065 1913 Aggiongo
1082 1858 1166 1900 che
1183 1856 1515 1913 bisognarebbe
1537 1874 1616 1915 per
1638 1861 1731 1904 fare
1753 1869 1927 1917 questa

284 1937 527 1981 benedetta
550 1933 882 1987 reformatione,
902 1935 987 1977 che
1008 1932 1221 1976 ciascuno
1242 1935 1413 1990 prelato
1436 1950 1463 1978 o
1485 1944 1641 1980 curato
1665 1939 1782 1982 fosse
1803 1954 1910 1983 con-

287 2020 447 2058 stretto
464 2013 566 2056 dala
584 2013 777 2067 potesta,
797 2013 883 2055 che
900 2009 987 2054 Dio
1006 2010 1050 2053 ui
1068 2012 1126 2053 ha
1147 2011 1272 2054 datto
1293 2010 1340 2054 in
1357 2011 1640 2057 edificatione
1657 2021 1702 2058 et
1719 2029 1827 2059 cura
1843 2018 1930 2063 del.

289 2105 373 2135 suo
395 2104 554 2147 grege,
580 2089 673 2131 fare
698 2087 942 2132 residentia
969 2094 1014 2130 et
1040 2086 1196 2144 vigilia
1227 2089 1477 2144 personale,
1503 2104 1629 2134 come
1657 2093 1809 2136 buono
1836 2109 1919 2151 pa—

291 2175 414 2211 store
436 2181 569 2222 sopra
595 2166 638 2208 le
665 2179 749 2209 sue
770 2165 1008 2220 pecorelle,
1034 2170 1079 2208 et
1108 2178 1199 2207 non
1227 2180 1276 2209 se
1297 2174 1591 2221 permettesse
1613 2170 1696 2212 che
1718 2184 1798 2226 per
1819 2171 1930 2215 altrit

293 2243 483 2300 desegni
505 2242 588 2296 soi,
612 2243 656 2286 le
677 2241 946 2285 lassiasseno
967 2240 1014 2284 in
1036 2240 1156 2285 mani
1178 2241 1234 2285 de
1256 2243 1535 2300 mercenarij,
1561 2246 1681 2300 quali
1702 2261 1793 2290 non
1820 2263 1919 2293 cer-

294 2336 408 2365 cano
429 2336 478 2365 se
499 2335 590 2363 non
612 2320 641 2362 l'
669 2318 777 2362 utile
800 2318 995 2375 proprio,
1021 2318 1059 2362 si
1081 2318 1157 2375 gia
1179 2319 1255 2362 tali
1277 2321 1513 2378 personagi
1535 2337 1626 2365 non
1650 2324 1819 2369 fossero
1839 2341 1935 2370 ne--

296 2398 475 2453 cessarij
501 2413 527 2440 a
547 2398 575 2439 l'
599 2396 854 2440 assistentia
875 2397 932 2440 de
961 2403 1115 2439 uostra
1141 2396 1306 2440 santita
1332 2412 1412 2453 per
1440 2397 1471 2440 li
1499 2399 1624 2442 affari
1650 2397 1751 2445 dela
1772 2402 1933 2448 chiesa*

297 2482 442 2528 santa,
468 2489 495 2517 o
516 2489 595 2531 per
616 2480 771 2517 vostra
800 2472 1116 2517 commissione
1145 2473 1343 2517 mandati
1370 2473 1416 2517 in
1438 2476 1630 2530 qualche
1650 2478 1822 2535 luogho
1843 2495 1930 2536 per

299 2559 432 2595 conto
454 2553 527 2594 del
547 2552 664 2594 bene
686 2549 882 2606 publico.
909 2551 1085 2605 Questo
1107 2549 1183 2606 gia
1204 2550 1342 2595 molte
1365 2551 1487 2594 uolte
1508 2553 1533 2595 ἑ
1561 2560 1679 2597 stato
1700 2555 1921 2611 ordinato,

302 2643 375 2671 ma
398 2642 541 2683 puoco
562 2633 726 2684 puosto
748 2626 794 2668 in
816 2626 1100 2680 executione;
1127 2628 1236 2682 pero
1257 2627 1430 2671 hormai
1453 2635 1604 2686 tempo
1632 2632 1820 2677 sarebbe
1842 2635 1935 2678 che-

304 2704 341 2748 si
365 2706 553 2749 facesse.
576 2703 657 2748 'Ma
679 2703 751 2765 chi
774 2704 892 2746 farra
913 2718 1148 2747 osseruare
1170 2711 1349 2760 questo,
1370 2719 1418 2748 se
1439 2720 1529 2748 non
1552 2707 1686 2760 colui,
1711 2709 1784 2752 chi
1805 2712 1863 2754 ha
1885 2712 1939 2756 las

303 2784 495 2838 potesta,
519 2783 603 2825 che
625 2780 728 2825 setti
756 2779 851 2823 voi?
879 2781 993 2824 Com
1022 2788 1181 2836 questa
1209 2782 1527 2827 reformatione
1548 2785 1622 2828 del
1643 2799 1770 2842 capo,
1795 2794 1840 2832 et
1862 2789 1937 2834 soi'

304 2858 511 2911 ministri,
538 2866 583 2903 et
606 2857 795 2902 membri
817 2859 917 2902 dela
945 2857 1096 2902 chiesa
1124 2858 1201 2918 pisi
1223 2858 1473 2915 principali,
1498 2860 1535 2903 si
1563 2862 1866 2909 chiuderebbe
1888 2867 1937 2911 la

304 2937 445 2978 bocca
482 2935 539 2979 ali
576 2934 763 2979 heretici
799 2935 1027 2991 moderni,
1067 2935 1187 2991 quali
1224 2935 1313 2979 dali
1350 2937 1478 2981 abusi
1506 2945 1552 2981 et
1580 2940 1697 2984 mala
1724 2941 1817 2985 vita
1842 2943 1940 2987 deli

305 3012 598 3057 ecclesiastici
620 3014 772 3056 hanno
794 3012 984 3069 pigliato
1005 3021 1051 3057 et
1077 3014 1279 3071 pigliano
1307 3014 1542 3059 occasione
1570 3016 1615 3059 di
1643 3018 1820 3073 partirsi
1840 3020 1942 3063 dal*
