2054 3496
390 239 405 266 1
414 231 457 266 16
880 228 1119 276 prsropAE
1144 227 1427 274 Murra—781

339 332 540 377 animum
562 329 752 387 presidis
774 328 931 387 Viglij.
952 329 1028 375 Ab
1044 328 1121 372 illo
1141 328 1262 372 enim
1288 336 1382 373 tota
1403 344 1476 374 res
1491 344 1609 386 pene
1630 330 1812 386 pendet.
1837 331 1972 388 Redij.

338 423 450 466 ergo
467 409 524 453 ad
540 408 765 462 abbatem,
785 413 832 450 et
848 406 983 452 etiam
1005 405 1175 463 placuit
1196 405 1329 449 nobis
1345 405 1518 450 dictum
1535 405 1788 458 consilium.
1809 408 1972 452 Abbas

336 501 446 530 vero
469 492 575 529 ante
595 499 729 528 suum
750 483 1000 528 discessum
1022 497 1079 527 ex
1106 483 1319 526 Bruxella
1341 498 1433 526 non
1460 482 1620 530 habuit
1651 484 1966 540 opportunita—
2004 525 2009 528 .

337 571 427 608 tem
446 561 662 618 loquendi
684 560 854 618 Viglio,
873 560 955 605 sed
977 559 1123 604 eidem
1146 558 1327 615 scripsit
1343 566 1389 604 et
1411 559 1586 616 copiam
1610 557 1892 621 [litterarum]
1909 562 1968 605 ad

334 656 408 685 me
428 638 565 692 misit,
590 653 726 694 quam
747 645 793 682 et
814 638 872 681 ad
894 639 949 680 P.
974 638 1032 680 V.
1058 635 1204 690 mitto,
1229 643 1279 678 vt
1300 636 1453 680 videat
1483 637 1535 680 P.
1563 637 1966 693 V.vsynceritatem

334 716 442 761 boni
463 715 639 760 abbatis
661 722 707 758 et
729 714 941 766 eundem,
967 727 1072 757 cum
1099 712 1210 765 suis,
1236 712 1330 756 suis
1357 712 1569 769 precibus
1597 715 1964 758 commendatum

334 795 503 838 habere
530 792 760 849 dignetur.
793 790 910 834 Dedi
938 789 980 835 ei
1006 803 1148 832 vnum
1183 803 1378 845 granum
1412 790 1421 810 ¹
1458 789 1516 835 de
1553 790 1801 844 communi,
1840 791 1967 847 quod

335 871 484 915 adhuc
504 869 744 921 habebam,
770 882 860 923 quo
881 873 926 911 et
948 865 1136 923 gauisus
1159 865 1245 909 fuit
1266 865 1313 908 in
1334 865 1546 911 Domino.

421 949 588 991 Noster
608 946 850 997 confrater,
876 943 1086 987 dominus
1109 945 1274 988 Petrus
1296 943 1455 1001 Spiga,
1489 944 1639 988 adhuc
1659 951 1729 1001 est
1751 945 1965 994 Auesnes

333 1025 499 1068 ibidem
522 1022 711 1067 audiens
742 1020 1051 1065 confessiones
1072 1026 1118 1063 et
1147 1020 1361 1064 laborans
1389 1020 1436 1064 in
1462 1020 1596 1067 vinea
1616 1021 1815 1076 Domini,
1841 1022 1960 1069 redi-

335 1109 463 1144 turus
491 1101 605 1157 (Deo
632 1097 828 1154 volente)
856 1103 959 1153 post
986 1097 1170 1152 pascha.
1201 1096 1411 1154 Intelligo
1440 1110 1545 1141 eum
1574 1098 1631 1140 ab
1658 1097 1870 1143 omnibus
1897 1099 1961 1143 ibi

329 1176 455 1233 diligi
483 1190 575 1219 non
605 1174 703 1219 sine
733 1174 884 1217 fructu
911 1173 956 1216 in
986 1172 1197 1217 Domino.
1228 1174 1286 1216 Et
1308 1173 1414 1229 quia
1440 1175 1628 1219 Auesne
1649 1176 1796 1218 solum
1820 1175 1960 1220 distat

332 1254 478 1296 tribus
499 1251 747 1294 miliaribus
775 1251 832 1293 ab
863 1249 1044 1293 abbatia
1072 1249 1182 1293 dicti
1208 1250 1400 1305 abbatis,
1431 1250 1643 1295 dominus
1670 1253 1810 1296 abbas
1837 1252 1962 1298 misit

330 1330 546 1386 quosdam
569 1327 825 1384 religiosos,
858 1326 935 1383 qui
963 1327 1242 1371 adducerent
1269 1334 1474 1371 nostrum
1501 1329 1774 1373 confratrem
1796 1330 1852 1373 ad
1875 1330 1959 1373 ab-

327 1407 510 1458 batiam,
543 1406 664 1462 quod
692 1411 738 1448 et
766 1405 936 1447 factum
972 1403 1057 1447 fuit
1090 1418 1195 1447 cum
1223 1403 1425 1448 omnium
1453 1405 1759 1450 consolatione
1785 1406 1833 1450 in
1858 1409 1956 1451 Do-

326 1483 448 1526 mino
472 1484 503 1525 ².

415 1561 495 1602 Est
517 1558 705 1614 Louanij
730 1559 924 1614 quedam
947 1557 1114 1602 familia
1141 1557 1377 1613 ditissima,
1402 1573 1492 1614 que
1519 1559 1636 1604 solet
1658 1559 1788 1603 nobis
1810 1561 1957 1604 confi—

325 1636 424 1689 teri,
450 1642 640 1692 excepto
667 1634 844 1687 marito,
877 1634 954 1691 qui
981 1648 1073 1677 non
1100 1634 1301 1690 loquitur
1331 1635 1576 1688 teutonice,
1607 1635 1807 1692 alioquin
1831 1644 1956 1684 totus

323 1720 492 1757 noster.
515 1715 640 1757 Uxor
657 1726 768 1769 ergo
785 1711 883 1756 istis
899 1711 1060 1755 diebus
1082 1711 1263 1768 rogauit
1286 1727 1388 1766 nos,
1413 1727 1532 1758 anne
1548 1713 1645 1758 fieri
1662 1720 1814 1770 posset
1831 1716 1954 1771 quod

322 1791 499 1846 aliquis,
534 1789 696 1847 gallice
724 1790 930 1844 loquens,
962 1788 1186 1833 habitaret
1215 1789 1491 1843 Nammorci,
1523 1804 1612 1846 que
1639 1797 1708 1834 est
1735 1791 1879 1847 prima
1906 1799 1955 1844 et

321 1867 535 1924 precipua
555 1866 718 1911 ciuitas
740 1865 1004 1910 Hannonie?
1026 1867 1140 1919 Nos,
1171 1865 1336 1922 inquit,
1366 1866 1706 1924 prouidebimus
1728 1867 1769 1912 ei
1790 1868 1848 1912 de
1869 1884 1950 1914 ex-

321 1944 488 2001 pensis,
515 1952 561 1988 et
583 1944 668 1987 erit
690 1943 922 1988 confessor
945 1942 1087 1986 totius
1109 1942 1276 1989 familie
1296 1950 1467 1997 nostre,
1489 1951 1576 1989 etc.
1603 1944 1793 1988 Maritus
1813 1945 1952 1989 huius

320 2021 486 2064 familie
518 2028 588 2067 est
616 2027 824 2078 receptor
856 2019 1139 2077 imperatoris
1169 2020 1415 2064 multorum
1447 2022 1649 2073 locorum
1681 2022 1870 2078 Louanij
1902 2030 1950 2070 et

316 2113 454 2155 prope
478 2097 750 2150 Louanium,
777 2104 822 2142 et
843 2112 948 2141 cum
971 2104 1123 2142 essent
1151 2097 1224 2141 hic
1247 2097 1409 2142 fratres
1437 2098 1600 2155 gallice
1620 2098 1944 2156 intelligenteS,

315 2177 429 2219 solet
451 2175 657 2219 confiteri
675 2175 905 2219 fratribus.
920 2176 1023 2233 Jam
1038 2181 1228 2219 vocatus
1250 2182 1296 2219 et
1318 2176 1490 2220 electus
1512 2182 1581 2220 est
1597 2177 1654 2220 ab
1675 2175 1947 2232 imperatore

317 2252 542 2309 generalis
564 2259 769 2309 receptor
790 2251 1074 2309 imperatoris
1097 2265 1175 2309 per
1193 2259 1334 2296 totam
1358 2252 1664 2305 Harmoniam,
1690 2259 1736 2296 et
1757 2253 1838 2307 sic,
1863 2255 1944 2299 de-

313 2329 390 2373 bet
412 2329 516 2372 hinc
545 2330 868 2374 Nammorcum
895 2328 1092 2386 migrare
1122 2343 1226 2383 cum
1250 2336 1344 2373 tota
1367 2329 1549 2377 familia.
1582 2331 1684 2387 Ego
1705 2329 1944 2387 respondi,

312 2420 415 2448 cum
439 2412 656 2462 tempore,
681 2407 781 2451 Deo
802 2406 1000 2460 volente,
1027 2406 1247 2450 futurum.
1274 2407 1344 2450 De
1365 2406 1436 2449 his
1458 2406 1583 2450 satis.

398 2484 500 2526 Hoc
522 2483 669 2526 solum
692 2482 869 2535 addam,
894 2483 1016 2539 quod
1037 2482 1184 2527 sentio
1213 2482 1260 2526 in
1288 2484 1424 2527 corde
1447 2497 1549 2527 meo
1578 2491 1624 2527 et
1644 2483 1778 2530 video
1799 2483 1944 2541 pluri-

309 2574 405 2603 mos
432 2559 563 2602 nobis
596 2558 742 2616 magis
772 2558 1010 2616 magisque
1038 2558 1084 2602 in
1118 2559 1319 2603 Domino
1347 2559 1481 2614 affici,
1514 2567 1560 2605 et
1591 2561 1739 2606 habeo
1771 2561 1939 2605 bonam

308 2650 434 2696 spem
452 2636 574 2692 quod
589 2635 813 2680 Dominus
829 2637 977 2681 adhuc
1000 2636 1143 2680 multa
1159 2636 1433 2694 operabitur.
1456 2637 1524 2682 Sit
1541 2637 1639 2695 ipse
1659 2637 1704 2680 in
1728 2637 1940 2682 omnibus

307 2713 591 2761 benedictus.
617 2713 783 2765 Amen.

307 2940 311 2948 .
380 2917 388 2936 ¹
412 2946 415 2949 ,
439 2914 503 2950 Sc.
524 2914 790 2960 benedictum,
811 2926 859 2951 ex
878 2914 954 2951 illis
971 2926 1072 2962 quae
1090 2915 1214 2951 Roma
1232 2914 1408 2961 Ignatius
1427 2927 1474 2952 eo
1492 2916 1669 2957 miserat.

372 2975 387 2995 ²
437 2974 535 3009 Rem
553 2972 678 3009 fusius
697 2973 894 3020 explicant
912 2974 1156 3020 POLANCUS,
1175 2979 1204 3010 t.
1223 2983 1281 3021 lv,
1295 2985 1390 3021 pag.
1415 2974 1587 3023 292-293,
1605 2988 1649 3018 n.
1671 2975 1755 3025 625,
1775 2981 1815 3012 et
1835 2976 1930 3022 Litt.

304 3032 482 3077 Quadr„
500 3037 529 3068 t.
549 3041 591 3078 11,
610 3043 699 3080 pag.
720 3041 803 3079 594.
