2060 3432
765 242 812 269 20
836 232 1100 270 ssmnnnms
1128 240 1219 278 1555
1682 232 1754 280 859

166 341 291 378 totus
322 335 533 391 populus,
558 334 766 380 videntes
787 333 1046 379 venerabile
1073 339 1406 379 sacramentum
1434 340 1526 378 tam
1555 333 1603 378 in
1631 335 1803 391 templo

169 425 306 467 quam
326 411 375 455 in
395 411 557 469 plateis
579 412 636 455 ad
657 411 859 455 infirmos
879 425 983 455 cum
1005 417 1132 454 tanto
1159 416 1323 454 ornatu
1349 410 1505 455 haberi
1534 418 1580 456 et
1611 410 1795 468 portari.

170 489 444 546 Capellanus
460 488 684 542 dominae,
698 488 775 544 qui
791 487 919 543 obiit,
937 487 1118 544 reliquit
1134 488 1374 545 pulchrum
1390 487 1578 533 calicem
1595 489 1665 545 (ex
1681 502 1799 545 puro

171 572 364 623 argento
377 566 607 623 deaurato)
619 580 711 609 non
724 572 1054 618 consecratum,
1067 579 1148 622 pro
1162 563 1551 608 administratione
1563 564 1658 607 vini
1673 579 1800 609 com·

169 642 522 686 municantibus.

258 720 488 764 Numerus
509 718 823 762 confitentium
843 725 890 762 et
905 717 1335 762 communicantium
1352 718 1530 762 crescit:
1551 725 1618 762 tot
1634 718 1798 764 iterum

168 796 215 840 in
244 798 360 842 festo
388 797 593 848 fuerunt,
624 802 674 838 vt
699 810 781 852 pro
809 809 977 852 magno
1003 809 1194 840 munere
1221 794 1373 839 statim
1409 796 1600 840 relatum
1629 795 1715 839 fuit
1741 795 1800 838 ad

166 873 410 926 dominam,
434 887 667 928 nunquam
688 887 788 917 esse
808 872 882 916 hic
903 872 1046 916 visam
1068 873 1204 917 talem
1220 872 1439 929 populum
1461 873 1631 917 habere
1651 872 1798 917 deuo-

171 950 355 996 tionem.
381 950 618 1006 Templum
640 949 898 993 hominibus
911 950 1096 1006 plenum
1112 956 1209 994 erat
1224 950 1282 994 ad
1297 949 1543 993 videndum
1561 956 1802 1007 spectacu-

170 1028 265 1071 lum
285 1026 554 1072 sacramenti
576 1034 621 1071 et
642 1040 881 1070 numerum
902 1026 1346 1070 communicantium.

260 1105 312 1161 In
333 1103 628 1148 concionibus
649 1117 806 1161 pergo:
830 1103 928 1160 ipso
949 1102 1022 1147 die
1042 1103 1293 1147 natiuitatis
1314 1103 1483 1148 Mariae
1505 1102 1804 1147 concionatus

170 1195 273 1224 sum
291 1180 338 1224 in
359 1187 509 1224 castro
530 1195 634 1224 cum
655 1195 823 1237 magno
844 1179 1066 1224 auditorio
1091 1181 1120 1223 ¹.
1147 1179 1364 1225 Similiter
1385 1180 1432 1223 in
1454 1180 1623 1237 templo
1647 1186 1802 1223 tantus

171 1265 242 1302 est
264 1259 473 1315 populus,
499 1257 576 1313 qui
597 1257 731 1301 etiam
754 1258 990 1301 confluunt
1010 1272 1065 1301 ex
1087 1256 1198 1300 locis
1227 1256 1404 1310 vicinis,
1429 1257 1551 1313 quod
1574 1255 1651 1312 qui
1672 1270 1800 1300 com-

172 1335 356 1379 modum
372 1335 540 1379 habere
556 1333 814 1379 desiderant
830 1334 996 1386 locum,
1011 1335 1124 1377 hora
1140 1341 1268 1378 sexta
1281 1334 1354 1377 vel
1367 1335 1424 1378 ad
1438 1333 1631 1378 mediam
1647 1339 1804 1377 sextae

173 1413 237 1468 (vt
257 1411 367 1454 mihi
388 1411 559 1455 dictum
581 1411 664 1467 est)
687 1410 909 1467 incipiunt
929 1424 1152 1467 occupare
1173 1411 1337 1454 locum.

262 1490 500 1533 Venerunt
521 1488 578 1530 ad
594 1487 822 1531 dominam
838 1494 1038 1531 nostram
1054 1486 1265 1532 mulieres
1281 1486 1494 1539 ciuitatis,
1516 1486 1621 1542 quia
1639 1485 1799 1530 timent

173 1567 412 1611 decessum
433 1580 601 1617 meum,
626 1564 945 1620 conquirentes
965 1564 1150 1608 maritos
1171 1571 1333 1608 nautas
1354 1563 1452 1607 istis
1473 1563 1634 1608 diebus
1654 1562 1802 1607 domi-

175 1642 289 1687 nicis
317 1649 422 1687 ante
449 1641 686 1699 prandium
721 1642 870 1686 solere
899 1655 999 1685 esse
1026 1641 1196 1694 ebrios,
1228 1655 1313 1685 nec
1347 1641 1564 1698 templum
1599 1640 1800 1685 visitare.

175 1721 268 1764 Iam
295 1734 472 1776 semper
498 1720 556 1762 ad
587 1718 854 1764 concionem
891 1718 1102 1770 veniunt,
1133 1733 1261 1762 sacra
1288 1717 1500 1772 audiunt,
1531 1732 1615 1761 nec
1644 1723 1803 1774 potant

176 1804 282 1842 ante
317 1796 569 1854 prandium:
605 1797 689 1839 hec
722 1796 820 1853 ipsa
856 1795 1042 1839 domina
1073 1794 1275 1839 narrauit
1311 1794 1569 1839 comitissae
1612 1795 1802 1838 Hoech-

175 1882 417 1919 stratanae.

264 1952 314 1994 In
336 1950 593 1994 visitatione
620 1950 901 1994 infirmorum
928 1949 1156 1994 Dominus
1177 1949 1312 1994 etiam
1334 1950 1412 1993 dat
1434 1948 1642 2006 gratiam.
1676 1947 1806 1993 Obiit

174 2028 246 2070 his
266 2027 429 2072 diebus
448 2042 567 2071 vnus
588 2027 926 2080 canonicorum,
951 2026 1123 2084 primus
1143 2033 1246 2084 post
1274 2026 1578 2083 praepositum
1601 2033 1647 2071 et
1668 2027 1803 2069 deca-

175 2119 302 2157 num,
327 2103 404 2160 qui
426 2119 452 2148 a
473 2105 597 2147 nullo
618 2105 799 2148 volebat
820 2103 1049 2160 suscipere
1066 2110 1347 2147 sacramenta
1365 2103 1599 2155 ecclesiae,
1619 2117 1755 2158 quam
1777 2118 1804 2146 a

175 2196 263 2226 me.
291 2181 476 2225 Portaui
503 2181 566 2223 illi
593 2189 924 2225 sacramentum
953 2180 1264 2233 eucharistiae,
1289 2187 1336 2225 et
1363 2187 1464 2236 post
1492 2179 1676 2235 aliquod
1706 2178 1806 2223 dies

177 2266 406 2302 extremae
426 2257 668 2311 vnctionis,
693 2257 940 2301 comitante
961 2257 1233 2314 praeposito,
1258 2258 1430 2301 decano
1458 2271 1563 2300 cum
1591 2262 1687 2299 toto
1706 2255 1802 2299 col-

177 2335 299 2390 legio
321 2341 367 2377 et
383 2323 634 2391 praecipuis
650 2333 847 2378 ciuitatis
863 2348 968 2377 cum
985 2333 1139 2377 multis
1155 2334 1385 2377 nobilibus
1402 2332 1553 2386 castri,
1574 2332 1650 2388 qui
1667 2332 1803 2375 etiam

180 2427 336 2456 omnes
357 2411 462 2454 hinc
483 2411 675 2453 multum
698 2410 920 2454 aedificati
943 2411 1142 2455 fuerunt.

268 2488 409 2533 Vides
439 2487 567 2540 hinc,
605 2489 738 2530 Pater
775 2486 1100 2540 amantissime,
1136 2486 1244 2542 quid
1280 2487 1503 2531 Dominus
1539 2499 1805 2542 praeparare

178 2565 408 2621 dignetur;
434 2565 515 2609 sed
537 2564 636 2620 quis
658 2578 758 2607 sum
780 2578 884 2620 ego,
910 2563 987 2619 qui
1008 2563 1168 2607 merito
1196 2565 1281 2607 hec
1302 2578 1407 2607 cum
1429 2561 1669 2618 lachrymis
1691 2560 1803 2604 scri-

177 2644 287 2687 bere
308 2643 507 2699 possem?
530 2642 687 2695 Orate,
714 2654 872 2696 precor
892 2640 1056 2684 iterum
1077 2648 1213 2695 atque
1234 2639 1414 2692 iterum,
1439 2646 1484 2683 et
1501 2639 1654 2683 iubete
1675 2652 1806 2682 orare

180 2734 260 2775 pro
287 2734 360 2763 me
388 2719 717 2775 impraeparato
745 2731 895 2769 seruo,
930 2732 989 2761 ne
1015 2732 1116 2762 mea
1147 2716 1428 2774 negligentia
1459 2723 1549 2759 tam
1578 2714 1807 2771 preciosae

179 2795 500 2852 dispargentur
518 2794 805 2851 margaritae.
837 2793 976 2850 Quid,
1002 2808 1189 2849 quaeso,
1213 2793 1376 2847 dicam,
1402 2807 1535 2850 quarn
1559 2791 1637 2848 qui
1657 2798 1810 2835 mutos

178 2872 307 2927 loqui
337 2871 463 2924 fecit,
494 2878 541 2915 et
570 2886 651 2928 per
683 2870 855 2914 asinam
890 2872 1155 2927 prophetam
1186 2870 1362 2923 docuit,
1394 2870 1483 2914 iam
1511 2871 1597 2912 hec
1626 2881 1808 2925 quoque

176 2955 410 3004 praestare
431 2963 548 3003 quae
569 2947 806 3004 praestitit.

256 3045 264 3065 ¹
315 3043 534 3090 POLANCO,
553 3048 587 3079 t.
611 3051 652 3088 v,
671 3054 760 3090 pag.
781 3041 864 3089 293,
883 3054 922 3078 n.
942 3042 1031 3078 800.
