2014 3470
783 235 806 271 8
834 234 1083 271 Novmms
1097 241 1204 293 >1554
1689 229 1764 276 443

930 513 1058 554 89ss

682 614 920 663 JOANNES
947 612 1308 650 PELLETARIUS

549 701 735 744 PATRI
766 699 1028 743 IGNATIO
1059 698 1143 741 DE
1175 697 1435 741 LOYOLA

626 802 838 830 FERRARIA
870 793 893 828 8
926 800 1166 829 NOVEMBms
1202 799 1294 837 1554
1331 794 1356 828 ¹.

179 881 302 917 Astus
318 878 612 916 cacodaemonis
630 883 673 914 ut
696 877 844 913 fructus
862 888 912 912 ex
935 876 1109 911 Renatae
1135 874 1392 910 conversione
1415 873 1463 910 ad
1486 875 1628 910 bonam
1652 873 1807 920 frugem

854 935 1127 983 impediantur.
1744 942 1746 944 ·

975 1018 1006 1076 ,Γ

268 1119 334 1162 La
369 1116 524 1160 diuina
560 1114 707 1173 gratia
743 1120 789 1159 et
825 1128 976 1158 amore
1003 1114 1076 1158 del
1103 1114 1150 1158 S.
1183 1113 1242 1156 N.
1267 1114 1310 1170 J.
1343 1113 1401 1155 X.
1433 1111 1603 1155 abundi
1631 1111 1678 1155 in
1708 1112 1804 1155 noi.

180 1195 345 1238 Amen.
371 1194 405 1236 Il
426 1192 570 1250 primo
591 1192 664 1235 del
686 1198 894 1247 presente
915 1189 1066 1233 scrissi
1088 1190 1174 1232 alla
1195 1190 1253 1233 V.
1280 1190 1333 1232 P.
1359 1188 1391 1231 il
1411 1203 1651 1245 progresso
1674 1187 1809 1233 felice

180 1271 298 1315 della
320 1285 425 1313 casa
446 1269 584 1312 Illma.
611 1269 668 1313 de
688 1268 908 1319 madarna‚
934 1280 1062 1310 come
1083 1267 1112 1309 1³
1138 1267 1316 1309 haueua
1336 1266 1594 1309 confessata
1614 1279 1701 1308 con
1723 1280 1810 1309 sue

182 1346 352 1404 figliole
375 1353 421 1391 et
441 1345 662 1399 donzelle‚
693 1345 818 1389 detto
844 1344 888 1387 la
914 1358 1076 1396 messa,
1101 1342 1330 1399 predicato
1353 1349 1397 1387 et
1419 1341 1752 1385 communicato
1773 1341 1809 1384 il

182 1423 381 1480 Signore
408 1429 563 1465 nostro
590 1421 621 1463 il
648 1421 693 1464 di
721 1422 778 1464 de
806 1420 911 1464 tutti
939 1420 1079 1473 santi,
1109 1426 1156 1463 et
1182 1433 1311 1464 come
1337 1420 1543 1462 madama
1571 1421 1630 1461 m’
1659 1420 1811 1463 hauea.

180 1501 306 1545 detto
326 1499 372 1542 di
392 1499 544 1542 volere
565 1497 832 1541 confessarsi
854 1504 900 1542 et
921 1495 1260 1540 communicare
1281 1503 1462 1552 quattro
1479 1496 1602 1539 volte
1615 1496 1645 1538 1’
1663 1510 1806 1549 anno,

181 1577 255 1620 del
275 1577 360 1620 che
382 1575 448 1619 sia
468 1576 621 1618 lodato
641 1575 671 1616 l'
697 1580 854 1617 autore
874 1580 1030 1617 nostro
1051 1572 1235 1630 Signor.

158 1701 163 1702 ⁷
268 1653 395 1697 Hora
417 1651 559 1695 saccio
582 1666 607 1694 a
628 1664 815 1708 sappere
831 1651 916 1694 ala
934 1652 984 1694 P.
1008 1651 1066 1695 V.
1092 1664 1236 1703 come,
1257 1650 1407 1706 quello
1430 1649 1605 1694 nemico
1627 1650 1672 1692 d’
1696 1649 1806 1706 ogni

178 1731 311 1782 bene,
335 1729 367 1774 il
386 1728 519 1785 quale
539 1728 571 1771 il
592 1730 641 1774 S.
674 1729 730 1772 N.
751 1730 795 1786 J.
830 1729 889 1772 X.
913 1729 1060 1771 hauea
1080 1728 1267 1785 leggato
1289 1727 1380 1771 fino
1402 1726 1578 1779 adesso,
1604 1726 1649 1769 di
1671 1727 1807 1770 modo

179 1809 266 1851 che
293 1809 338 1849 n’
370 1807 518 1850 hauea
549 1812 708 1862 potuto
739 1804 1002 1858 disturbaci,
1036 1806 1096 1847 ha
1126 1803 1446 1847 comminciato
1468 1818 1494 1847 a
1529 1795 1809 1848 volere⁴fare

179 1883 370 1940 qualche
397 1889 688 1939 stratagema,
721 1882 896 1925 vsando
923 1896 1004 1938 per
1030 1881 1236 1924 ministro
1263 1895 1324 1923 vn
1352 1880 1397 1923 di
1423 1880 1585 1938 grandi
1621 1880 1667 1923 di
1698 1894 1807 1936 qua,

159 1952 410 2016 decrepito
431 1973 646 2012 vescouo,
672 1974 751 2016 per
771 1973 906 2003 nome
926 1957 1218 2015 monsignore
1234 1959 1270 2001 F
1273 1957 1449 2013 tanqui.

269 2038 445 2093 Questo
472 2037 595 2079 buon
622 2035 827 2090 vecchio,
856 2036 1005 2092 doppo
1032 2036 1202 2078 hauere
1222 2041 1405 2091 saputto
1426 2035 1512 2079 che
1532 2033 1576 2077 io
1599 2034 1809 2090 frequen-

182 2120 287 2157 taua
314 2113 536 2165 madama,
566 2112 744 2156 chiamo
770 2113 830 2155 da
856 2127 905 2157 se
932 2127 993 2155 vn
1022 2118 1163 2166 certo,
1188 2113 1272 2155 che
1296 2112 1546 2167 frequenta,
1572 2110 1672 2154 anzi
1693 2125 1811 2166 quo-

181 2189 423 2233 dammodo
444 2195 514 2232 sta
534 2188 581 2232 in
602 2189 803 2242 castello,
828 2204 908 2246 per
929 2194 1202 2233 amaestrare
1224 2195 1386 2244 questo
1407 2195 1453 2231 et
1481 2188 1615 2243 quell’
1648 2188 1760 2230 altro
1784 2202 1810 2231 a

181 2266 366 2319 ballare,
391 2265 422 2309 il
444 2266 578 2322 quale
605 2273 825 2310 amaestra
850 2281 940 2310 vna
966 2281 1049 2309 sua
1076 2266 1278 2322 figluola,
1309 2265 1412 2308 dico
1433 2266 1489 2310 de
1517 2265 1643 2309 detto
1665 2266 1701 2308 F
1703 2279 1810 2308 ran-

182 2342 305 2399 quio,
329 2350 375 2387 et
397 2343 462 2400 gli
482 2342 616 2387 disse:
642 2344 713 2387 Va
733 2344 792 2387 da
811 2350 940 2400 parte
961 2343 1050 2386 mia
1071 2358 1097 2386 a
1118 2343 1323 2387 madama
1339 2358 1366 2386 a
1382 2342 1498 2395 dirli,
1518 2344 1602 2385 che
1619 2356 1698 2398 per
1714 2341 1811 2384 nis-

182 2434 298 2463 suno
321 2420 456 2463 modo
478 2420 615 2463 habbi
636 2419 982 2464 conuersatione
1003 2434 1092 2463 con
1123 2427 1284 2475 questo
1306 2426 1468 2476 prette,
1495 2425 1540 2463 et
1562 2433 1653 2461 non
1675 2419 1720 2461 10
1743 2419 1810 2461 la-

183 2496 277 2540 scia
297 2510 568 2540 conuersare
590 2496 636 2539 in
658 2511 763 2540 casa
784 2511 882 2551 sua,
907 2497 1072 2553 perche
1097 2497 1122 2540 e
1143 2497 1200 2541 de
1228 2495 1365 2553 quelli
1386 2495 1432 2539 di
1454 2497 1610 2547 Roma,
1635 2495 1666 2537 li
1689 2493 1810 2550 quali

183 2587 327 2616 sonno
354 2572 432 2629 piu
459 2573 771 2631 suergognati,
804 2575 890 2618 che
918 2573 1007 2617 mai
1038 2574 1172 2617 furno
1198 2573 1420 2627 huomini,
1453 2580 1498 2618 et
1525 2574 1569 2616 10
1590 2587 1657 2625 so,
1690 2578 1735 2615 et
1763 2586 1815 2615 se

182 2650 323 2694 vedrn
344 2651 429 2694 che
451 2665 643 2694 seranno
663 2650 860 2694 sbanditi
881 2651 926 2693 d'
952 2650 1093 2694 Italia.

273 2725 384 2771 Sino
405 2727 566 2771 adesso
586 2728 793 2771 madarna
814 2742 904 2770 non
927 2729 986 2770 m’
1011 2729 1071 2771 ha
1091 2735 1344 2772 monstrato
1361 2727 1530 2771 cattiua
1551 2725 1718 2778 chiera‚
1739 2739 1816 2768 se·

184 2803 364 2846 nonche
385 2803 427 2846 le
447 2802 623 2847 lettioni
646 2811 798 2847 nostre
819 2819 908 2847 non
933 2819 1076 2848 sonno
1098 2811 1215 2850 state
1238 2811 1364 2847 tanto
1388 2802 1627 2860 frequenti.

275 2880 350 2922 Ho
385 2879 717 2924 communicato
753 2881 784 2924 il
811 2887 932 2924 tutto
960 2881 1031 2924 001
1058 2880 1215 2938 signor
1242 2881 1520 2926 Alessandro
1548 2879 1748 2932 Fiaschi,
1782 2878 1817 2922 11

261 3040 272 3061 ¹
322 3041 381 3076 Ex
398 3042 638 3088 autographo
656 3042 696 3078 in
713 3043 790 3078 vol.
810 3042 856 3088 E,
874 3041 1019 3089 duplici
1037 3041 1145 3090 folio,
1162 3055 1202 3079 n.
1220 3051 1281 3090 70,
1300 3042 1407 3090 prius
1429 3049 1509 3086 114,
1532 3049 1612 3086 115.
