2054 3496
753 270 795 298 21
824 261 978 298 MAR'm
1006 270 1096 309 1554
1626 271 1692 308 115

111 366 247 424 glius,
272 367 360 409 hoc
380 366 551 408 bonum
572 371 657 418 est,
682 377 786 408 curn
809 370 1022 420 parentes
1049 366 1272 410 hactenus
1293 364 1514 409 subierint
1535 379 1615 420 pro
1637 364 1741 407 filiis

113 450 182 487 tot
202 443 380 487 labores
410 448 456 486 et
483 448 709 498 sumptus,
741 447 786 485 et
815 441 938 496 quod
964 440 1041 497 filij
1072 449 1177 498 post
1204 444 1306 495 hec,
1339 441 1493 484 insciis
1521 448 1566 484 et
1587 440 1742 484 inuitis

111 519 390 577 parentibus,
426 517 747 575 ingrediuntur
779 517 1066 574 religionem?
1088 519 1165 562 Ad
1186 534 1291 563 eum
1313 519 1468 570 finem,
1495 517 1641 573 inquit
1663 519 1720 560 ab
1735 543 1745 549 ·

111 597 208 649 bas,
235 595 499 639 nutriuntur
521 595 616 651 filij,
641 601 691 637 vt
722 594 805 638 toti
827 594 1022 638 Domino
1054 595 1271 639 seruiant.
1294 596 1412 639 Cum
1434 609 1546 652 ergo
1568 596 1653 637 hoc
1674 594 1740 646 fit,

110 688 205 717 non
226 674 421 730 perdunt
443 679 652 728 parentes
674 671 808 725 filios,
834 672 915 716 sed
938 671 1083 729 magis
1105 673 1354 715 lucrantur.

200 749 379 794 Deinde
407 748 604 806 Viglius.
631 750 733 806 Jam
765 748 860 791 fere
880 763 1030 792 annus
1052 755 1122 793 est
1144 764 1199 793 ex
1227 747 1350 807 [quo]
1378 749 1561 792 domina
1589 748 1747 805 regina

108 826 338 871 commisit
360 825 470 868 mihi
500 825 735 882 negotium
755 824 893 868 huius
915 814 1171 878 Societatis,
1197 832 1244 870 et
1259 826 1352 883 legi
1373 827 1535 879 bullas;
1562 826 1642 869 sed
1663 824 1748 867 mi—

113 919 213 947 rum
237 911 307 948 est
334 910 380 947 et
407 910 564 946 contra
592 916 805 954 canones,
836 903 959 957 quod
986 902 1190 959 pontifex
1219 910 1344 947 tanta
1371 902 1612 959 priuilegia
1638 901 1748 958 ipsis

110 980 336 1034 concedit,
361 987 407 1023 et
429 979 605 1023 similia.
638 980 713 1023 Ad
735 993 824 1034 que
844 979 1055 1023 dominus
1076 981 1217 1023 abbas
1245 981 1389 1023 multa
1414 981 1534 1023 bona
1556 994 1745 1036 respon-

113 1058 195 1112 dit;
227 1065 272 1103 et
299 1058 530 1101 statuebat
556 1070 760 1100 seorsum
788 1070 892 1099 cum
921 1055 1076 1113 Viglio
1103 1056 1240 1100 latius
1267 1058 1324 1102 de
1351 1056 1485 1100 nobis
1522 1057 1743 1100 conferre.

113 1136 400 1179 Causabatur
421 1133 556 1177 etiam
589 1132 771 1189 Viglius
799 1133 1042 1188 quemdam
1070 1134 1127 1177 de
1158 1133 1387 1178 Societate
1416 1133 1556 1178 fuisse
1578 1132 1626 1175 in
1646 1133 1750 1175 aula

114 1210 396 1268 imperatoris
425 1224 529 1253 cum
557 1210 711 1266 legato
737 1210 811 1254 vel
840 1209 1003 1253 nuntio
1032 1210 1278 1266 apostolico
1306 1217 1368 1263 et,
1401 1209 1564 1265 inquit,
1599 1209 1750 1252 omnia

114 1288 401 1346 significabat
438 1286 658 1343 pontifici,
698 1300 787 1342 que
820 1286 866 1330 in
904 1288 990 1329 hac
1021 1288 1125 1331 aula
1156 1287 1440 1343 imperatoris
1477 1288 1747 1343 agebantur.

113 1367 361 1422 Imperator
397 1377 522 1417 vero,
562 1362 726 1418 inquit,
766 1352 811 1406 et
848 1378 932 1406 nos
969 1363 1244 1407 mirabamur
1280 1365 1506 1419 quomodo
1544 1363 1749 1420 pontifex

112 1441 265 1486 omnia
285 1440 437 1493 sciret,
462 1447 550 1484 etc.
576 1441 647 1484 De
667 1439 739 1483 his
760 1439 885 1483 satis.

203 1520 260 1562 Et
281 1520 367 1562 hec
388 1523 489 1560 acta
511 1524 640 1560 erant
662 1523 768 1560 ante
790 1517 1057 1570 aduentum,
1082 1525 1144 1570 et,
1178 1531 1282 1560 curn
1305 1516 1410 1560 veni
1438 1518 1495 1560 ad
1517 1518 1745 1569 abbatem,

112 1597 254 1640 abbas
281 1594 432 1639 omnia
458 1593 614 1637 retulit
642 1593 766 1651 mihi,
798 1601 844 1638 et
873 1594 910 1637 si
940 1593 1050 1649 quid
1078 1608 1159 1650 pro
1186 1593 1318 1637 nobis
1346 1601 1501 1650 posset
1527 1601 1744 1650 prestare,

113 1673 331 1731 offerebat
352 1686 402 1716 se
423 1670 772 1728 paratissimum.
868 1728 875 1734 ᾗ

202 1748 391 1793 Accessi
406 1748 570 1792 deinde
586 1747 819 1790 dominum
836 1747 1050 1791 Alexium
1073 1748 1109 1790 F
1113 1754 1282 1790 ontana
1308 1749 1337 1800 ¹,
1362 1755 1408 1790 et
1430 1749 1514 1791 hec
1537 1747 1687 1791 omnia
1704 1747 1748 1790 ei

113 1825 317 1883 exposui.
343 1827 531 1881 Insuper
551 1831 596 1868 et
618 1839 687 1877 ea,
708 1839 798 1880 que
819 1825 877 1868 de
898 1824 1058 1867 nuntio
1082 1823 1333 1880 apostolico
1352 1824 1693 1880 archiepiscopo
1710 1824 1743 1875 ²,

113 1903 222 1947 item
260 1903 318 1947 de
353 1900 557 1958 principe
594 1900 917 1957 Hispaniarum
950 1908 996 1945 et
1033 1900 1131 1945 eius
1164 1900 1331 1944 familia
1362 1900 1605 1957 scripserat
1638 1899 1747 1943 mihi

115 1981 170 2023 R.
196 1980 275 2030 V.,
301 1978 446 2022 eidem
470 1977 633 2021 Alexio
655 1977 848 2020 ostendi.
874 1978 976 2033 Ipse
997 1977 1246 2033 respondit.
1273 1978 1430 2033 Quod,
1455 1977 1616 2033 inquit,
1641 1976 1748 2019 atti-

114 2063 192 2099 net
214 2056 272 2099 ad
299 2054 516 2099 auxilium
543 2053 691 2096 nuntii
721 2053 955 2109 apostolici
986 2053 1032 2096 in
1054 2060 1206 2098 vestro
1228 2053 1432 2110 negotio,
1462 2068 1620 2110 parum
1643 2067 1747 2109 prou

113 2134 246 2177 desse
267 2131 446 2188 poterit.
473 2131 612 2186 Quod
632 2145 741 2175 vero
764 2131 822 2173 ad
842 2130 1092 2187 principem
1121 2130 1299 2183 attinet,
1325 2131 1519 2173 multum
1542 2130 1616 2173 ille
1638 2145 1747 2186 pos—

115 2217 199 2254 set.
231 2210 288 2252 Et
316 2215 518 2265 prestare
545 2207 726 2251 videtur
752 2214 802 2250 vt
832 2222 904 2252 res
932 2207 1019 2251 ista
1046 2222 1139 2250 non
1170 2207 1300 2251 facile
1328 2208 1480 2252 denuo
1510 2214 1743 2258 tractetur,

115 2286 201 2330 nisi
221 2287 342 2329 bona
363 2298 467 2341 spes
488 2284 547 2327 sit
567 2282 700 2342 [eam]
723 2283 974 2329 obtinendi.
1009 2283 1208 2328 Proinde
1230 2284 1411 2328 videtur
1439 2285 1748 2340 expectandus

115 2364 342 2407 aduentus
362 2360 575 2417 principis
597 2361 631 2414 ⁵,
656 2367 701 2405 et
730 2360 911 2404 interim
933 2361 1144 2404 dominus
1171 2362 1311 2404 abbas
1334 2367 1487 2417 posset
1508 2374 1746 2416 preparare

186 2476 198 2497 ¹
248 2474 387 2510 Carolo
405 2473 440 2508 V
459 2484 480 2508 a
499 2472 677 2518 secretis,
696 2472 745 2508 de
762 2470 839 2519 qu'o
857 2484 976 2520 saepe
994 2473 1034 2508 in
1055 2471 1202 2508 Cartas
1220 2474 1267 2509 de
1287 2473 1372 2508 San
1390 2473 1570 2521 IgnaciO.

185 2536 199 2556 2
250 2532 512 2579 Hieronymus
535 2532 776 2578 Muzzarelli,
801 2531 851 2569 O.
876 2533 937 2578 P.,
961 2531 1122 2568 nuntius
1147 2532 1400 2579 apostolicus,
1430 2531 1744 2578 archiepiscopus

114 2592 293 2629 cosensis
320 2591 385 2635 (de
410 2591 574 2637 Conza),
605 2591 717 2638 cujus
747 2591 926 2627 meminit
956 2592 1200 2638 POLANCUS,
1227 2597 1256 2626 t.
1283 2601 1339 2638 1v,
1364 2591 1563 2638 pag..288,
1589 2603 1630 2626 n.
1660 2591 1744 2635 617,

114 2657 249 2688 annot.
273 2659 287 2686 1
301 2651 539 2686 .—Venerat
557 2650 675 2686 etiam
694 2650 742 2686 ad
760 2651 907 2686 curiam
926 2650 1170 2698 imperatoris
1193 2650 1400 2686 cardinalis
1422 2649 1661 2696 Reginaldus
1676 2650 1746 2683 Po-

116 2712 192 2756 lus,
210 2709 316 2745 sedis
333 2709 569 2756 apostolicae
587 2710 756 2756 legatus,
775 2721 892 2757 quem
910 2709 1054 2756 Ignatii
1071 2709 1227 2745 nomine
1243 2709 1528 2745 Adriaenssens
1546 2708 1742 2743 salutavit.

119 2771 180 2805 De
198 2779 245 2804 eo
261 2779 414 2816 quoque
437 2768 647 2815 scripserat
670 2768 862 2804 Polancus
879 2781 926 2805 ex
944 2781 1085 2804 comm.
1112 2777 1156 2814 27
1180 2768 1396 2804 Februarii:
1417 2769 1594 2803 «Rmum.
1614 2766 1745 2803 Cardi-

119 2828 247 2863 nalem
262 2827 400 2862 Polum
418 2826 456 2862 in
470 2826 637 2873 collegii
651 2827 810 2874 negotio
829 2833 870 2863 et
887 2828 927 2863 in
945 2828 1030 2863 aliis
1044 2827 1253 2875 propitium
1268 2839 1423 2874 semper
1440 2826 1614 2862 inveniet
1633 2826 1680 2860 V.
1696 2826 1743 2860 R.

116 2892 159 2922 et
177 2886 226 2922 ad
243 2886 389 2933 optima
401 2897 580 2934 quaeque
597 2886 765 2922 maxime
784 2899 1034 2934 propensum,
1050 2899 1149 2935 quae
1167 2892 1228 2923 est
1243 2886 1326 2934 ejus
1341 2886 1466 2934 pietas
1481 2892 1520 2920 et
1538 2885 1745 2931 singularis

117 2957 213 2992 erga
241 2957 311 2981 nos
342 2950 389 2980 et·
412 2956 549 2981 omnes
574 2945 738 2982 affectus
768 2946 1040 2982 charitatis...»
1071 2947 1290 2990 POLANcQ
1316 2952 1348 2982 t.
1377 2955 1432 2990 w,
1457 2955 1545 2991 pag.
1572 2944 1745 2989 285-286,

116 3017 160 3041 n.
184 3004 270 3050 613,
288 3009 424 3040 annot.
451 3012 487 3039 1.

190 3065 205 3086 ³
255 3063 423 3110 Philippi
448 3063 499 3098 11.
