2014 3470
761 244 805 280 28
831 243 1046 282 Oc‘romus
1075 252 1165 291 1554
1657 254 1700 291 41
1710 255 1723 281 1

903 504 1027 546 886

636 605 909 643 MARTINUS
934 607 1004 642 DE
1029 605 1285 644 ZORNOZA

466 690 949 735 CONVENTUI
987 690 1459 735 BERMEENSI

659 792 776 819 ROMA
804 782 849 818 28
874 791 1082 819 oc‘romus
1111 790 1202 828 1554
1230 785 1256 819 ¹.

142 868 400 904 Vocationem
418 878 527 903 suam
545 866 593 902 ad
610 866 848 902 Societatem
866 866 977 911 Jesu,
995 870 1084 912 post
1101 866 1238 912 longos
1251 871 1355 902 terra
1368 867 1542 914 marique
1556 869 1779 904 exantlatos

216 929 387 974 labores,
419 927 557 963 intimo
585 925 833 962 demissionis
867 935 986 960 sensu
1020 931 1190 961 enarrat.
1218 947 1253 951 —
1269 926 1529 972 Gymnasium
1564 927 1779 963 Societatis

214 989 380 1022 Bermeo
397 986 549 1023 institui
567 986 704 1032 probat
721 996 766 1020 ac
784 983 1040 1019 suadet.-Se
1058 984 1229 1030 pendere
1248 996 1270 1020 a
1287 996 1446 1030 suorum
1471 986 1659 1032 majorum
1677 992 1779 1022 nutu

218 1046 430 1092 significat.

237 1132 280 1190 A
302 1131 370 1173 los
391 1135 577 1174 sefiores
598 1128 671 1171 del
692 1127 963 1185 regimiento
984 1143 1014 1184 y
1036 1127 1229 1172 cauildo.

239 1209 350 1263 Muy
371 1206 640 1263 magnificos
666 1220 696 1261 y
725 1219 834 1261 muy
862 1204 1000 1248 Rdos.
1032 1210 1233 1249 senores.
1265 1206 1332 1248 La
1359 1205 1512 1261 gracia
1543 1220 1573 1261 y
1599 1217 1684 1262 paz
1705 1206 1780 1249 del

150 1285 297 1329 Sefior
318 1297 442 1326 more
463 1297 493 1338 y
510 1282 702 1338 siempre
718 1295 796 1326 sea
811 1295 898 1324 con
915 1282 1017 1325 VV.
1039 1294 1144 1324 mm.
1167 1281 1410 1324 Hauiendo
1427 1289 1611 1326 nuestro
1630 1283 1781 1327 Sefior

150 1361 328 1404 husado
351 1356 562 1415 conmigo
578 1359 635 1403 (16
656 1372 710 1401 su
733 1364 858 1400 tanta
874 1356 1197 1412 misericordia,
1217 1357 1511 1402 oluidandose
1528 1359 1644 1403 dela
1660 1360 1782 1402 mul-

151 1437 269 1480 titud
290 1437 347 1480 de
367 1435 452 1480 mis
473 1421 685 1492 pecados‚
709 1450 740 1490 y
760 1434 1034 1478 liberadome
1055 1435 1111 1478 (16
1133 1435 1175 1477 13
1198 1438 1356 1491 aspera
1377 1435 1584 1480 seruitud
1613 1450 1702 1491 que
1724 1451 1784 1481 en

150 1514 287 1571 Egito
308 1515 367 1556 he
388 1512 541 1557 tenido
562 1526 620 1555 en
642 1518 791 1555 tantos
813 1517 940 1565 anos,
965 1511 1214 1568 queriendo
1234 1526 1289 1555 su
1306 1512 1460 1555 diuina
1477 1512 1784 1556 misericordia

150 1589 402 1634 reduzirme
421 1589 531 1633 allas
554 1588 712 1633 tierras
733 1589 790 1632 de
804 1587 1066 1645 promision‚
1086 1595 1244 1632 estaua
1259 1604 1317 1633 en
1335 1603 1449 1645 gran
1467 1589 1706 1633 confusion
1724 1590 1782 1634 (16

150 1671 227 1720 mi,
252 1667 484 1723 pensando
506 1667 563 1711 (16
594 1666 743 1709 donde
771 1666 812 1710 el
841 1666 988 1710 Sefior
1015 1679 1089 1708 me
1118 1665 1254 1709 habia
1280 1667 1445 1709 sacado
1467 1681 1496 1721 y
1524 1680 1580 1709 en
1610 1670 1784 1721 quanto

151 1743 325 1800 peligro
347 1749 505 1787 estaua
525 1741 587 1784 mi
609 1741 774 1795 anima,
799 1757 830 1798 y
851 1746 981 1785 como
1002 1743 1137 1786 habia
1158 1742 1216 1787 de
1237 1742 1383 1787 seruir
1404 1743 1446 1785 al
1469 1743 1630 1787 Senor.
1655 1744 1696 1786 Y
1719 1746 1785 1786 asi

150 1820 357 1872 efflando,
383 1820 524 1876 plugo
546 1819 588 1862 al
610 1819 758 1864 Sefior
779 1833 867 1875 que
889 1834 949 1875 yo
970 1819 1014 1863 16
1034 1825 1220 1862 contase
1243 1819 1348 1862 toda
1366 1819 1425 1861 mi
1447 1819 1553 1863 vida
1573 1820 1616 1862 al
1633 1821 1787 1863 confe-

153 1912 229 1940 sor
249 1897 323 1941 del
345 1896 525 1953 visorey
546 1897 604 1941 (16
625 1895 795 1941 Sicillia
826 1897 860 1947 ²,
884 1897 926 1940 61
954 1896 1060 1952 qual
1087 1910 1160 1939 me
1187 1896 1425 1941 encamino
1453 1911 1510 1940 en
1533 1904 1630 1942 esta
1657 1903 1788 1940 santa

153 1975 390 2031 Conpafiia
411 1974 469 2018 de
484 1975 603 2031 Jhs.,
634 1974 785 2018 donde
813 1989 885 2018 me
921 1976 1050 2017 entre
1071 1989 1130 2018 en
1162 1972 1332 2018 Sicillia
1354 1974 1386 2026 ³,
1427 1988 1457 2029 y
1478 1975 1672 2030 despues
1707 1989 1790 2030 por

224 2101 235 2120 ¹
286 2099 343 2133 Ex
362 2097 541 2144 originali
559 2098 600 2133 in
617 2098 696 2133 vol.
715 2098 761 2143 E,
781 2097 896 2133 unico
912 2097 1022 2144 folio,
1039 2109 1083 2133 n.
1109 2098 1167 2140 16,
1186 2097 1293 2144 prius
1315 2105 1371 2142 15.

223 2159 238 2180 ²
289 2156 367 2202 Agi
390 2157 605 2193 verisimile
629 2162 690 2193 est
718 2157 768 2192 de
792 2157 1034 2204 Hieronymo
1053 2158 1296 2202 Domenech,
1321 2157 1370 2192 de
1395 2157 1638 2204 Hieronymo
1663 2156 1788 2192 Nadal

154 2221 221 2251 aut
244 2215 294 2251 de
313 2217 459 2263 Jacobo
483 2216 643 2263 Lainez,
660 2228 825 2264 quorum
851 2217 997 2263 primus
1020 2228 1090 2263 per
1113 2217 1274 2262 longum
1298 2222 1469 2263 tempus,
1488 2216 1554 2252 alii
1579 2215 1696 2252 etiam
1720 2216 1790 2251 ali-

154 2275 308 2322 quando
322 2276 463 2321 Joanni
476 2276 525 2311 de
543 2276 668 2322 Vega,
688 2275 844 2312 Siciliae
862 2275 1032 2323 1111016ςί,
1050 2287 1073 2311 3
1089 2275 1404 2312 confessionibus
1417 2275 1594 2311 fuerunt.

227 2333 243 2354 ³
292 2335 464 2382 Tempus
481 2340 632 2371 certum
649 2346 695 2371 ac
717 2334 935 2377 definitum,
961 2345 1038 2382 quo
1064 2335 1240 2371 Zornoza
1265 2346 1354 2371 sese
1381 2334 1570 2371 Societati
1595 2333 1788 2380 adjunxit,

156 2405 228 2430 nos
245 2393 402 2440 quidem
420 2394 535 2440 sugit.
561 2395 748 2430 Attamen
764 2405 853 2430 cum
871 2406 973 2430 anno
992 2402 1082 2440 1547
1101 2395 1140 2430 in
1158 2394 1331 2430 Siciliam
1355 2395 1582 2430 Domenech
1601 2404 1773 2440 pervene

157 2453 207 2488 rit
224 2453 341 2498 (Litt.
358 2454 535 2498 Quadr„
554 2459 586 2489 t.
610 2463 637 2496 1,
657 2465 749 2501 pag.
773 2457 848 2499 47),
868 2453 991 2489 Nadal
1009 2464 1104 2490 vero
1119 2465 1209 2490 cum
1227 2454 1360 2500 sociis,
1374 2454 1535 2489 ineunte
1555 2452 1681 2499 Aprili
1699 2451 1794 2496 1548

154 2511 256 2555 (Lit.
280 2512 457 2556 Quadr.,
476 2518 504 2548 t.
523 2522 551 2559 1,
569 2524 662 2560 pag.
684 2523 732 2558 94
750 2518 790 2548 et
807 2515 948 2560 seqq.),
966 2512 1170 2548 conficitur
1187 2518 1278 2549 ante
1307 2512 1347 2548 id
1372 2518 1526 2560 tempus
1551 2511 1791 2547 Societatem

155 2571 331 2606 Zomoza
348 2570 568 2616 ingressum
590 2583 668 2608 non
691 2572 827 2608 fuisse.
855 2571 956 2608 Illud
973 2583 1042 2619 pro
1067 2578 1267 2619 comperto
1284 2573 1489 2616 habemus,
1509 2570 1631 2606 fuisse
1661 2569 1794 2605 Marti-

155 2641 249 2665 num
273 2630 446 2665 omnium
469 2630 635 2677 primum
658 2631 724 2678 qui
748 2631 788 2667 in
818 2631 953 2667 Sicilia
981 2631 1124 2667 nostris
1148 2633 1352 2678 copulatus
1384 2636 1458 2675 est3
1490 2635 1530 2666 et
1556 2628 1730 2677 quidem,
1758 2628 1792 2665 si

154 2687 272 2723 fidem
296 2687 483 2724 adhibeas
508 2689 743 2735 AGUILERA,
770 2691 1011 2726 Pro-vinciae
1038 2690 1198 2726 Siculae
1227 2691 1311 2726 Soc.
1342 2690 1415 2726 Ies.
1444 2692 1556 2725 ortus
1579 2691 1615 2724 et
1641 2699 1705 2723 res
1724 2699 1794 2735 ge-

154 2750 252 2789 stae,
268 2752 296 2782 t.
314 2756 342 2794 1,
356 2758 446 2794 pag.
462 2748 522 2792 26,
537 2759 639 2783 anno
655 2757 759 2795 1549,
774 2749 952 2796 quamvis
966 2750 1079 2785 nobis
1093 2760 1194 2785 anno
1210 2749 1300 2795 1548
1315 2749 1470 2784 videtur
1478 2748 1595 2794 (Litt.
1613 2747 1794 2792 Quadr„

157 2811 185 2841 t.
205 2815 234 2852 1,
253 2817 341 2852 pag.
365 2809 460 2851 119):
480 2806 551 2842 sed
567 2807 755 2854 quidquid
773 2809 846 2843 hoc
875 2807 941 2854 sit,
966 2808 1033 2844 illo
1056 2814 1213 2844 auctore
1240 2807 1409 2855 «primus
1434 2806 1606 2842 omnium
1625 2805 1795 2841 Calaber

155 2864 312 2912 quidam
331 2865 520 2902 Societati
538 2877 680 2901 nomen
699 2866 845 2902 dedit».
864 2867 940 2903 Hic
959 2879 1053 2903 vero
1079 2869 1247 2910 calaber,
1276 2879 1364 2903 cum
1389 2878 1504 2902 nemo
1530 2866 1627 2901 alius
1653 2876 1702 2900 ex
1729 2864 1797 2900 illa

158 2924 330 2970 natione,
349 2924 451 2960 inter
469 2924 616 2961 tirones
633 2927 683 2961 ab
701 2937 748 2961 eo
761 2926 991 2970 recensitos,
1006 2926 1296 2971 adnumeretur,
1315 2926 1431 2962 facile
1446 2925 1692 2961 existimatur
1705 2935 1798 2960 esse

160 2988 294 3019 auctor
321 2983 436 3030 hujus
461 2984 669 3031 epistolae.
705 2985 785 3031 Qui
809 2985 927 3021 etiam
951 2997 1120 3033 sequens
1148 2986 1410 3033 fragmentum
1440 2984 1660 3031 scripsisse,
1690 2983 1796 3031 quod

159 3044 442 3090 autographum
461 3048 590 3079 exstat
612 3044 652 3079 in
670 3045 752 3080 vol.
775 3045 821 3090 E,
840 3044 955 3080 unico
979 3044 1087 3091 folio,
1106 3057 1144 3081 n.
1164 3054 1224 3092 21,
1244 3046 1350 3093 prius
1375 3044 1434 3090 28,
1453 3043 1623 3089 videtur,
1639 3048 1721 3079 tum
1746 3054 1796 3079 ex
