2034 3476
785 258 830 295 16
854 258 1046 295 Ausus'n
1074 265 1166 303 1554
1672 254 1744 301 315

917 534 1038 576 85«)

693 635 960 675 NICOLAUS
985 636 1056 672 DE
1081 634 1265 673 LANOY

538 721 724 765 PATRI
755 720 1018 765 IGNATIO
1050 720 1133 763 DE
1163 720 1423 764 LOYOLA

607 823 798 850 VIENNA
835 813 885 849 16
917 820 1136 850 AUGUSTI
1173 820 1281 858 1554
1314 815 1340 849 ¹.

158 901 219 935 De
231 898 430 934 dotatione
444 898 601 944 collegii
615 896 854 934 viennensis.
864 896 1137 932 -Liberalitas
1150 895 1385 932 Ferdinandi
1399 896 1417 931 Ι
1431 907 1524 943 erga
1537 900 1797 932 nostrates.—

213 957 296 994 Viri
314 957 510 1005 principes
527 958 628 994 filios
643 969 735 993 suos
752 956 792 992 in
809 961 1030 992 nostrorum
1053 955 1299 1003 disciplinam
1318 955 1471 992 tradere
1492 955 1741 1003 percupiunt.

913 1039 1041 1133 ins.

254 1174 319 1217 La
340 1171 487 1229 gratia
508 1179 554 1217 et
574 1186 685 1228 pace
711 1171 769 1216 de
783 1172 895 1230 Jesu
916 1171 1002 1215 X.⁰
1023 1171 1208 1229 signore
1228 1178 1383 1215 nostro
1404 1170 1471 1215 sia
1492 1184 1670 1227 sempre
1690 1170 1798 1215 nelli

166 1248 294 1293 cuori
321 1249 478 1292 nostri.
518 1250 684 1292 Amen.
716 1248 830 1292 Rdo.
872 1248 1034 1293 Padre.
1067 1247 1230 1304 Questi
1251 1247 1400 1305 giomi
1427 1246 1616 1304 passati,
1647 1246 1801 1291 inten-

169 1326 318 1371 dendo
339 1327 425 1370 che
445 1325 477 1368 il
498 1340 545 1370 re
567 1326 624 1370 de
645 1324 819 1368 romani
847 1325 862 1346 ²
891 1339 941 1369 se
961 1324 1217 1382 partirebbe
1244 1326 1301 1370 de
1328 1324 1514 1369 Austria
1541 1339 1620 1381 per
1640 1324 1685 1367 la
1706 1325 1799 1367 Bo-

166 1402 329 1455 hemia,
354 1403 473 1447 doue
489 1403 699 1447 starebbe
716 1403 756 1458 (o
773 1402 932 1446 saltem
954 1401 1002 1445 in
1026 1409 1188 1458 questo
1209 1401 1408 1459 viaggio)
1432 1401 1542 1445 forsi
1562 1416 1624 1444 vn
1644 1415 1802 1445 mezzo

167 1494 195 1523 o
221 1494 282 1522 vn
311 1493 430 1522 anno
458 1478 626 1532 intem,
658 1477 911 1522 sollicitassi
937 1493 1018 1535 per
1044 1479 1087 1523 la
1121 1478 1381 1523 fondatione
1408 1479 1483 1522 del
1510 1477 1723 1534 collegio,
1753 1484 1802 1521 et

165 1555 283 1600 diedi
306 1556 344 1599 a]
361 1554 714 1600 vicecanceliero
730 1556 745 1577 ³
763 1569 853 1599 vna
868 1554 1025 1599 scritta
1040 1570 1067 1598 a
1081 1554 1240 1612 foggia
1256 1554 1384 1610 quasi
1401 1556 1458 1599 de
1474 1554 1694 1611 supplica,
1714 1568 1802 1598 con

163 1632 479 1682 informatione
495 1633 612 1677 della
627 1631 880 1677 differentia
892 1633 959 1676 fra
972 1632 1004 1675 li
1021 1632 1200 1689 collegii
1217 1633 1334 1676 della
1348 1631 1630 1688 Compagnia
1646 1638 1803 1674 nostra

159 1702 210 1754 et
231 1710 348 1754 delle
368 1724 472 1754 case
494 1724 521 1753 o
553 1709 767 1753 conuenti
795 1709 901 1753 delli
921 1709 1128 1766 professi,
1154 1716 1200 1755 et
1226 1710 1300 1753 dal
1321 1709 1556 1754 differente
1583 1709 1720 1752 modo
1744 1708 1803 1753 de

164 1786 322 1831 viuere
345 1786 411 1830 fra
431 1787 528 1830 loro
549 1793 595 1830 et
615 1786 647 1829 li
669 1786 870 1830 studenti
896 1786 942 1829 di
976 1786 1124 1843 questi
1151 1786 1353 1844 collegii,
1384 1793 1554 1842 quanto
1583 1801 1609 1829 a
1630 1785 1803 1842 godere

169 1864 225 1907 de
246 1863 427 1916 intradi,
451 1878 479 1906 o
495 1878 604 1917 non,
625 1863 671 1907 di
687 1862 882 1908 retinere
897 1863 929 1906 li
946 1863 1202 1920 patrimonii
1222 1871 1268 1907 et
1288 1863 1390 1907 altri
1411 1862 1518 1907 beni
1546 1861 1800 1919 temporali,

172 1955 199 1984 o
221 1955 328 1984 non.
355 1941 483 1993 Item,
508 1941 627 1984 dalla
647 1940 863 1984 diuersita
884 1940 989 1984 delli
1010 1940 1116 1985 beni
1137 1942 1223 1985 che
1243 1955 1293 1985 se
1315 1940 1549 1998 applicano
1579 1940 1666 1984 alla
1685 1946 1805 1983 eret-

243 2110 253 2130 ¹
304 2108 363 2143 Ex
380 2109 620 2155 autographo
640 2108 680 2144 in
698 2109 776 2144 vol.
794 2109 842 2155 E,
861 2108 976 2144 unico
990 2108 1099 2153 folio,
1117 2120 1157 2144 n.
1177 2108 1258 2152 106,
1278 2107 1384 2155 prius
1402 2107 1642 2143 221.—Usus
1661 2111 1722 2142 est
1735 2106 1808 2141 hac

170 2167 335 2214 epistola
352 2167 593 2209 POLANCU&
613 2172 642 2202 t.
661 2176 717 2214 IV,
735 2179 825 2214 pag.
845 2175 1018 2214 251-252,
1037 2179 1076 2203 n.
1096 2166 1293 2213 548.—De
1316 2168 1434 2203 rebus
1453 2166 1493 2203 in
1516 2167 1588 2202 hac
1610 2165 1806 2202 contentis

170 2226 379 2273 scripserat
396 2226 514 2262 etiam
530 2226 699 2262 Polanco
715 2226 898 2263 Canisius
914 2227 957 2262 16
975 2225 1164 2272 Augusti.
1188 2226 1289 2262 Vide
1307 2227 1665 2272 BRAUNSBERGER,
1690 2226 1812 2261 Beati

171 2285 286 2322 Petri
306 2284 464 2321 canisii
482 2285 694 2332 Epistulae
711 2289 748 2322 et
765 2289 870 2329 acta,
890 2291 919 2323 t.
939 2296 966 2328 1,
982 2297 1075 2333 pag.
1098 2285 1268 2332 482-488.

242 2347 256 2367 ²
308 2344 577 2381 Ferdinandus
602 2345 633 2382 Ι.

242 2405 256 2425 ³
306 2405 476 2451 Jacobus
495 2405 629 2451 Jonas,
647 2404 874 2440 viennensis
891 2403 1114 2440 academiae
1132 2403 1496 2448 vicecancellarius,
1522 2403 1570 2439 de
1594 2414 1671 2450 quo
1694 2402 1811 2438 Cani-

172 2465 266 2505 sius,
286 2463 313 2499 l.
333 2476 381 2506 c.‚
400 2475 489 2511 pag.
508 2463 592 2509 485:
612 2464 831 2511 «Quoniam
845 2475 939 2500 vero
962 2463 1003 2500 in
1023 2463 1255 2510 Cancellarij
1275 2464 1513 2500 mentionem
1538 2462 1718 2507 incidi...‚
1737 2463 1812 2497 hoc

173 2521 271 2558 sciat
288 2522 408 2559 velim
426 2522 632 2570 prudentia
650 2528 731 2569 tua,
749 2522 876 2559 virum
894 2534 983 2559 esse
1006 2523 1153 2571 primae
1178 2529 1219 2559 et
1242 2534 1416 2558 summae
1441 2521 1685 2558 authoritatis
1709 2520 1812 2567 apud

173 2581 338 2627 Regem,
356 2580 397 2617 in
414 2581 646 2618 vindicanda
670 2582 877 2629 Religione
901 2583 1015 2619 nobis
1033 2583 1148 2619 valde
1170 2583 1384 2627 faventem,
1404 2583 1552 2630 piorum
1581 2580 1753 2616 omnium
1772 2585 1813 2615 et

173 2639 460 2686 Rleligiosorum
478 2639 640 2677 fratrum
658 2641 869 2678 Patronum
894 2641 1147 2688 singularem,
1171 2642 1238 2689 qui
1259 2641 1402 2678 deinde
1425 2640 1559 2688 quanti
1584 2651 1655 2675 nos
1678 2638 1814 2685 faciat,

173 2709 288 2745 quam
319 2699 458 2735 sedulo
492 2706 625 2736 nostra
657 2706 768 2737 curet
802 2713 847 2737 ac
877 2707 1106 2749 promoveat
1134 2701 1344 2748 collegium
1374 2701 1523 2745 isthuc,
1555 2711 1643 2735 cum
1679 2709 1811 2746 parem

174 2756 389 2793 habeamus
407 2758 620 2806 neminem,
638 2759 742 2796 haud
759 2760 874 2797 facile
891 2760 1071 2797 dixerim.
1090 2761 1218 2808 Rogat
1235 2766 1366 2797 autem
1385 2772 1407 2796 a
1423 2761 1463 2796 R.
1491 2760 1538 2795 P.
1569 2757 1816 2805 Praeposito,

175 2815 277 2851 sieut
295 2815 336 2852 in
354 2822 556 2863 postremo
572 2819 766 2866 colloquio
783 2820 965 2867 exposuit
982 2820 1092 2866 mihi,
1110 2826 1154 2857 ut
1172 2820 1396 2856 meritorum
1415 2830 1514 2866 quae
1534 2816 1720 2854 Societati
1746 2816 1812 2852 do-

176 2879 243 2910 nat
260 2874 451 2911 immensa
469 2876 640 2922 bonitas,
658 2883 699 2914 et
723 2878 808 2925 ipse
825 2879 1020 2927 particeps
1038 2879 1120 2927 fiat,
1139 2880 1358 2927 habeatque
1383 2876 1690 2926 participationis
1708 2875 1815 2912 illius
1849 2916 1854 2922 ,

177 2938 300 2970 testes
317 2934 463 2970 literas.
482 2936 568 2981 Ego
580 2935 634 2971 nil
649 2936 800 2983 dubito,
817 2938 912 2985 quin
928 2938 1076 2986 optime
1089 2939 1319 2974 collocatum
1333 2938 1406 2973 hoc
1426 2937 1465 2972 in
1479 2948 1568 2972 eum
1585 2934 1815 2971 benefitium

178 3004 267 3030 esse
284 2993 423 3040 possit,
443 3005 571 3042 neque
589 2995 711 3031 ullum
729 3007 752 3031 e
769 2995 975 3033 Germanis
993 2997 1100 3044 novi,
1119 3009 1189 3044 per
1205 3009 1322 3045 quem
1347 2996 1394 3032 ad
1419 2994 1722 3043 promovendam
1740 2994 1817 3029 Re-

178 3051 368 3098 ligionem
387 3053 515 3089 acturi
533 3053 674 3090 melius
692 3053 931 3092 videamur.»
