2034 3444
849 222 873 258 4
898 211 999 255 MAjr
1026 219 1116 256 1555
1673 212 1745 259 639

151 329 310 360 nueua
328 315 388 360 de
407 326 462 358 su
485 313 804 370 fallecimiento
834 314 864 356 ¹.
897 312 1110 358 Screuira
1130 319 1234 356 otra
1262 327 1371 370 para
1392 314 1450 358 V.
1477 315 1552 368 P.;
1578 314 1648 357 105
1662 314 1793 370 31113»-

153 393 241 436 (105
261 406 291 449 y
312 391 564 448 deputados
586 391 601 412 ⁸
625 405 683 435 en
704 390 894 434 nombre
919 389 976 433 de
1001 390 1108 433 todo
1128 390 1171 433 el
1198 404 1340 446 reyno
1367 390 1615 444 screuiran,
1640 391 1683 434 el
1704 405 1790 448 go-

153 469 378 513 uernador
400 468 415 490 ³
439 482 496 512 en
518 467 710 511 nombre
730 467 845 511 (1013
861 466 1041 522 ciudad,
1061 466 1128 510 los
1153 465 1457 522 inquisidores
1470 467 1529 511 de
1547 471 1670 523 aqui,
1692 481 1782 524 que

151 559 240 589 son
260 544 442 601 ouispos
463 544 521 589 de
543 543 719 588 Gitona
743 544 759 565 ⁴
783 559 813 600 y
834 544 892 588 de
919 542 1071 599 Vique
1098 544 1115 566 ⁵
1141 542 1388 596 501·οα11311,
1413 559 1443 600 y
1465 559 1518 600 sy
1542 545 1670 589 fuese
1689 559 1787 589 rne-

154 629 322 674 nester,
347 622 559 664 firmaran
581 621 625 663 lo
653 635 743 676 que
763 635 822 676 yo
852 618 1082 673 scriuiere,
1107 634 1305 676 aunque,
1331 624 1479 677 segt'in
1501 621 1544 665 la
1564 621 1735 665 verdad
1757 636 1787 678 y

154 698 398 756 particular
420 697 643 753 (1011001611
664 711 754 752 que
774 696 885 742 ellos
907 695 1060 741 tienen
1076 697 1162 740 313
1176 697 1443 754 Compania,
1463 712 1523 741 no
1539 712 1589 742 es
1606 711 1787 742 menes·

157 782 226 820 ter
247 775 507 819 ordenarles
527 775 572 817 10
594 788 684 830 que
704 775 796 817 han
824 774 881 817 de
909 773 1045 817 dezir.
1072 774 1126 816 El
1153 773 1312 830 obispo
1343 774 1401 819 de
1429 775 1617 819 Huesca
1638 776 1673 829 ⁶,
1698 789 1787 831 que

153 854 248 896 han
269 853 414 895 hecho
436 851 496 895 de
515 851 674 908 Vrgel,
693 850 801 906 juez
823 865 911 907 que
933 851 976 894 al
990 857 1202 907 presente
1218 865 1268 894 es
1282 865 1313 907 y
1329 852 1634 896 conseruador
1651 866 1791 896 nues-

156 935 228 971 tro
250 943 309 973 en
329 935 426 972 este
447 927 585 984 pleito
607 941 697 982 que
719 941 802 970 nos
822 928 914 970 han
934 926 1117 970 mouido
1138 930 1244 983 aqui
1260 941 1375 970 vnos
1391 927 1600 972 benditos
1622 928 1788 982 frailes,

153 1018 275 1061 cuya
295 1004 492 1060 101301611
510 1006 569 1048 110
584 1003 926 1048 encomendado
943 1004 985 1046 al
1004 1005 1057 1047 P.
1078 1005 1253 1047 Roman
1274 1004 1318 1047 13
1338 1005 1395 1047 de
1412 1009 1438 1047 3
1456 1006 1512 1048 V.
1534 1007 1608 1058 P.,
1629 1019 1711 1061 por
1728 1019 1789 1049 no

157 1127 369 1175 Privilegio
381 1128 431 1164 de
449 1127 592 1164 Veinte
610 1127 659 1163 de
682 1129 894 1173 Zaragoca‚
919 1138 994 1165 con
1018 1127 1186 1162 acuerdo
1211 1139 1238 1174 y
1255 1127 1474 1163 resolucion
1498 1128 1547 1163 de
1571 1129 1628 1164 los
1652 1134 1789 1175 quatro

156 1188 314 1234 Bracos,
332 1199 375 1224 se
393 1187 592 1223 embiaron
610 1187 900 1223 Embaxadores
921 1187 957 1222 al
975 1186 1227 1233 Emperador,
1252 1197 1329 1222 vno
1346 1187 1395 1222 de
1413 1187 1509 1222 cada
1533 1188 1670 1234 Braco,
1696 1199 1788 1235 para

154 1246 356 1283 noticiarle
372 1247 422 1282 de
439 1246 531 1282 todo
544 1248 581 1282 lo
599 1245 799 1292 sucedido,
813 1258 840 1292 y
853 1245 903 1281 de
921 1247 957 1281 la
971 1257 1089 1281 razon
1103 1257 1152 1281 en
1166 1257 1241 1293 que
1255 1245 1427 1282 fundava
1441 1248 1477 1282 el
1494 1247 1788 1293 Ajuntamiento

154 1307 279 1342 hecho
296 1307 400 1342 01113
423 1305 513 1341 Sala
535 1306 645 1351 Real,
663 1317 737 1341 con
762 1305 871 1340 todas
895 1306 952 1340 las
976 1304 1260 1340 instrucciones
1280 1305 1500 1341 necesarias
1524 1318 1617 1353 para
1640 1318 1716 1353 que
1743 1317 1790 1342 su

154 1365 358 1412 Magestad
374 1365 543 1401 Cesarea
561 1364 737 1400 tuviesse
754 1366 776 1400 3
794 1364 887 1400 bien
906 1365 942 1400 13
965 1363 1127 1399 defensa
1144 1363 1194 1399 (10
1218 1365 1274 1399 135
1301 1364 1429 1411 Leyes
1447 1364 1496 1400 de
1522 1366 1557 1400 el
1583 1366 1735 1412 Reyno;
1762 1377 1789 1412 y

152 1423 293 1460 fueron
310 1425 368 1460 los
386 1423 621 1459 nombrados
639 1424 674 1458 el
694 1424 862 1459 Maesti-0
881 1422 975 1458 Luis
993 1422 1122 1467 Serra,
1143 1423 1192 1458 D.
1212 1423 1315 1469 Juan
1340 1422 1390 1458 de
1408 1423 1590 1468 Bardaxi,
1618 1424 1724 1471 Lope
1741 1423 1791 1460 de

155 1484 319 1519 Francia
335 1496 362 1530 y
381 1485 483 1529 Juan
499 1482 549 1518 de
566 1483 794 1518 Xavierre».

229 1545 239 1565 ¹
290 1543 395 1589 Julio
418 1543 489 1588 111,
512 1541 594 1577 vita
612 1541 746 1577 functo
773 1541 818 1577 23
836 1540 962 1577 Martii
985 1549 1090 1587 1555,
1109 1540 1302 1577 successit
1319 1552 1342 1586 9
1362 1541 1510 1588 Aprilis
1529 1542 1737 1578 Marcellus
1755 1543 1793 1578 ΙΙ

154 1612 209 1650 ex
227 1601 361 1637 Monte
380 1601 587 1647 Pontiano,
610 1600 817 1636 cardinalis
839 1600 1065 1636 Bellarmini
1087 1601 1320 1646 avunculus,
1345 1600 1411 1647 qui
1429 1600 1469 1635 in
1485 1601 1578 1636 sede
1601 1600 1707 1636 Petri
1725 1601 1791 1637 vix

154 1661 244 1696 orbi
261 1665 459 1707 ostensus,
477 1660 540 1707 pie
559 1659 731 1696 decessit
748 1659 794 1695 30
811 1659 958 1706 Aprilis
977 1658 1152 1706 ejusdem
1167 1659 1271 1694 anni.
1291 1658 1392 1695 Vide
1411 1659 1531 1706 epist.
1555 1670 1644 1706 949.

228 1722 243 1742 ²
292 1719 459 1755 Nomina
481 1718 756 1766 deputatorum
780 1718 1094 1765 aragoniensium
1111 1717 1226 1764 hujus
1250 1718 1342 1754 anni
1368 1726 1457 1764 1555
1484 1719 1598 1754 affert
1623 1719 1788 1755 PANZA—

157 1787 230 1821 ΝΟ,
250 1779 278 1815 l.
298 1790 344 1822 c.‚
366 1789 459 1825 pag.
483 1777 572 1823 530.

227 1838 242 1859 ³
293 1839 466 1884 Joannes
483 1837 533 1873 de
556 1838 722 1884 Gurrea,
747 1838 933 1873 inlocum
956 1836 1150 1873 demortui
1175 1836 1372 1872 Francisci
1390 1837 1438 1872 de
1457 1837 1623 1883 Gurrea,
1643 1837 1792 1884 Arago-

159 1897 247 1932 niae
262 1897 500 1943 gubernator
517 1896 719 1932 suffectus.

230 1957 246 1979 ⁴
294 1956 384 1991 Fuit
403 1956 515 1991 Arias
534 1956 713 2002 GalIego,
739 1956 824 1991 aliis
849 1954 962 1991 Arias
986 1955 1184 1991 Gonzalez
1198 1954 1364 2000 Gallego
1383 1954 1621 2002 «inquisidor
1634 1955 1683 1991 de
1698 1956 1793 1991 Ara-

156 2026 254 2062 gon,
271 2027 298 2062 y
316 2027 385 2063 por
398 2027 464 2051 sus
482 2016 650 2063 prendas
668 2014 837 2051 merecio
855 2027 931 2062 que
949 2015 979 2050 F
982 2015 1084 2061 elipe
1102 2014 1139 2049 11
1158 2015 1194 2049 10
1212 2015 1419 2049 nombrase
1437 2026 1528 2061 para
1546 2016 1581 2050 el
1606 2015 1793 2062 obispado

156 2073 210 2110 de
227 2073 400 2110 Gerona.
424 2074 618 2121 Participo
637 2076 672 2110 el
691 2075 817 2109 electo
830 2075 865 2110 al
880 2073 1033 2109 cabildo
1049 2078 1133 2108 esta
1146 2072 1291 2108 noticia
1303 2084 1376 2108 con
1391 2072 1503 2109 fecha
1516 2074 1565 2109 de
1580 2074 1601 2109 8
1615 2074 1664 2110 de
1679 2076 1793 2121 Mayo

156 2132 211 2168 de
229 2140 288 2178 55,
306 2145 333 2180 y
349 2132 574 2168 hallandose
592 2145 642 2168 en
660 2134 872 2168 Barcelona
889 2135 912 2168 3
927 2133 950 2168 6
968 2132 1017 2168 (10
1036 2131 1153 2178 Junio
1170 2131 1219 2167 de
1236 2132 1298 2178 56,
1316 2144 1359 2167 se
1379 2134 1414 2168 le
1440 2133 1626 2169 enviaron
1644 2134 1714 2169 dos
1732 2145 1793 2169 ca-

161 2191 326 2238 n6nigos
343 2195 365 2227 3
382 2192 569 2228 visitarle.
590 2193 647 2228 En
670 2201 708 2228 11
729 2192 791 2228 del
818 2193 955 2228 mismo
974 2203 1057 2227 mes
1075 2193 1181 2227 tomo
1200 2192 1381 2238 posesion
1399 2203 1469 2238 por
1493 2193 1740 2239 procurador,
1767 2206 1794 2240 y

159 2263 213 2286 en
235 2250 277 2286 18
293 2251 342 2286 de
360 2251 597 2287 Noviembre
616 2251 704 2287 hizo
721 2263 766 2287 su
784 2252 951 2298 primera
969 2250 1130 2286 entrada
1147 2261 1222 2286 con
1239 2250 1351 2286 todas
1370 2253 1426 2286 las
1445 2251 1717 2287 formalidades
1743 2252 1792 2287 de

157 2310 322 2346 estilo...
341 2310 535 2346 Dedicose
553 2322 627 2346 con
646 2323 797 2347 esmero
815 2312 850 2346 al
869 2311 1107 2358 desempefio
1120 2309 1182 2345 del
1202 2310 1418 2346 ministerio
1436 2312 1619 2357 pastoral,
1638 2311 1791 2347 11301011-

158 2368 212 2404 do
229 2369 356 2404 varias
375 2369 509 2404 visitas
532 2382 557 2416 y
577 2370 810 2416 predicando
826 2381 898 2405 con
922 2369 1139 2405 resultados
1164 2368 1339 2405 felices».
1359 2370 1527 2405 MERINO
1545 2379 1599 2404 ΕΤ
1625 2370 1685 2405 LA
1712 2370 1791 2406 CA-

163 2437 260 2474 NAL,
281 2428 445 2474 Espmia
460 2429 655 2476 sagrada,
675 2434 704 2464 t.
724 2437 834 2476 xmv,
859 2441 947 2476 pag.
978 2436 1146 2475 112-115‚
1171 2428 1237 2463 ubi
1261 2429 1371 2475 plura
1389 2428 1428 2463 in
1455 2428 1538 2473 ejus
1562 2429 1715 2464 laudem
1733 2427 1790 2464 di-

157 2491 317 2531 cuntur,
336 2491 376 2521 et
392 2486 611 2532 integritas,
629 2499 703 2534 qua
721 2488 761 2522 in
779 2488 988 2523 tridentina
1011 2487 1162 2534 synodo
1185 2486 1359 2531 emicuit,
1376 2486 1577 2531 religionis
1601 2487 1787 2533 studium,

161 2551 205 2581 et
221 2546 260 2581 in
276 2545 447 2592 corporis
455 2546 515 2581 sui
523 2547 630 2581 cultu
644 2552 850 2593 paupertas
860 2546 1193 2582 commendantur.
1210 2545 1414 2580 Promotus
1431 2544 1478 2579 ad
1494 2545 1626 2579 sedem
1642 2547 1790 2581 cartha-

160 2604 398 2650 giniensem,
417 2604 517 2640 obiit
534 2604 578 2639 28
597 2605 743 2651 Aprilis
764 2614 868 2650 1575.

236 2664 251 2686 ³
301 2662 480 2698 Acisclus
512 2664 625 2709 Moya
654 2663 703 2698 de
731 2663 954 2708 Contreras,
977 2663 1089 2710 cujus
1115 2663 1354 2698 mentionem
1379 2662 1543 2697 fecimus
1567 2662 1683 2709 epist.
1707 2671 1791 2709 927,

166 2733 254 2769 pag.
275 2722 361 2767 526.

235 2782 251 2804 ὅ
300 2781 438 2816 Petrus
466 2780 649 2826 Agustin,
670 2780 804 2827 frater,
829 2787 923 2816 natu
941 2781 1076 2827 major,
1097 2780 1344 2816 celeberrimi
1367 2780 1528 2815 Antonii
1548 2780 1729 2826 Agusfin,
1747 2780 1796 2816 de

162 2840 307 2887 quibus
326 2839 534 2875 videantur
551 2840 680 2886 Epist.
700 2839 866 2882 Mixtae,
886 2845 915 2876 t.
935 2849 976 2886 11,
994 2851 1088 2887 pag.
1112 2839 1197 2885 584,
1216 2839 1299 2885 585,
1319 2844 1453 2874 annot.
1479 2848 1513 2882 5.
1535 2840 1654 2874 Porro
1671 2841 1795 2876 eonsi—

165 2899 260 2935 lium
285 2898 541 2934 transferendi
566 2898 615 2933 ad
635 2899 897 2944 urgellensem
921 2899 1126 2934 ecclesiam
1151 2898 1377 2945 episcopum
1403 2909 1620 2939 oscensem,
1646 2898 1694 2934 de
1718 2910 1795 2946 quo

167 2958 336 3006 loquitur
349 2958 551 3003 Tablares,
571 2957 843 3004 exsequutioni
865 2957 998 2994 datum
1015 2969 1093 2993 non
1116 2963 1190 2992 est:
1218 2956 1347 2994 Oscae
1372 2956 1475 2992 enim
1495 2956 1643 3002 sedem,
1667 2958 1797 3005 quoad

166 3017 280 3063 vixit,
299 3016 482 3063 obtinuit,
501 3016 540 3052 in
558 3028 680 3064 eaque
698 3022 870 3052 mortuus
889 3022 949 3052 est
966 3027 1068 3053 anno
1088 3023 1179 3061 1572
1191 3042 1200 3051 .
