2034 3476
300 244 370 291 234
798 247 1039 283 EPISTOLAE
1070 243 1358 290 Mune—827

254 348 438 391 modum
461 347 636 392 consilii
658 363 686 392 0
707 349 765 393 de
784 349 905 394 bene
931 362 1048 401 esse,
1073 362 1103 404 y
1131 361 1193 390 no
1216 360 1300 403 por
1320 348 1394 388 via
1411 344 1609 401 juridica
1636 344 1683 388 ni
1703 345 1762 390 de
1782 345 1900 389 obli—

255 423 435 481 gacion.
460 426 501 468 Y
523 439 612 480 que
634 426 765 469 desta
794 439 978 469 manera
1005 438 1055 469 se
1082 424 1239 480 podria
1262 437 1369 466 aver
1399 422 1441 466 el
1463 420 1646 465 subdito
1676 422 1818 480 (fuera
1839 422 1900 468 de

254 501 298 544 la
320 501 584 557 reuerencia
605 517 634 558 y
662 501 847 559 opinion
868 502 925 545 de
947 502 1015 545 los
1043 514 1132 558 que
1159 500 1204 543 10
1233 498 1396 556 tratan)
1420 512 1550 542 como
1571 498 1609 542 si
1630 499 1675 542 10
1696 505 1896 544 tratasen

255 585 381 622 otros
403 579 460 623 de
481 579 624 633 fuera,
649 594 679 636 y
706 582 771 623 asi
800 586 928 623 tanto
957 583 984 623 3
1005 579 1074 623 los
1096 591 1210 621 vnos
1232 590 1362 620 corno
1384 579 1411 619 3
1431 576 1499 619 105
1526 581 1649 620 otros
1671 591 1700 632 y
1721 576 1764 619 al
1785 575 1886 619 mis-

255 669 331 699 mo
352 670 468 713 papa
489 657 570 699 dar
591 670 647 699 su
670 660 823 700 razon.

342 733 383 775 Y
405 747 578 789 porque
599 748 658 789 yo
680 734 767 777 allo
789 732 1040 776 difficultad
1061 746 1091 788 y
1113 730 1289 788 peligro
1316 746 1374 776 en
1405 730 1676 786 acceptarlo,
1701 743 1759 773 en
1788 743 1897 773 caso

253 823 341 865 que
362 810 405 853 la
427 810 678 866 Compafria
700 809 921 867 pretenda
943 808 1130 852 tratarlo
1152 804 1324 853 directe
1340 811 1368 851 ὁ
1385 807 1622 859 indirecte,
1642 820 1788 863 ruego
1806 820 1897 862 que

251 899 302 931 se
323 893 569 930 contenten
592 901 681 944 que
702 900 760 943 yo
783 886 932 943 pueda
952 887 1089 931 sobre
1111 885 1198 930 ello
1219 885 1378 929 hablar
1399 888 1426 928 ό
1448 883 1646 928 escrevir
1668 887 1695 926 3
1716 883 1785 927 105
1804 891 1897 939 que

250 963 295 1006 lo
318 969 518 1008 tratasen
539 979 569 1020 y
592 968 620 1007 3
641 978 695 1007 50
719 959 973 1007 sanetidad;

344 1041 436 1083 Por
465 1047 592 1097 parte
621 1039 822 1092 tambien
842 1040 900 1084 de
927 1040 970 1084 13
999 1040 1251 1096 Compafiia
1278 1039 1399 1082 hallo
1423 1037 1679 1092 dificultad,
1711 1041 1738 1081 3
1757 1051 1897 1082 03053

195 1160 197 1163 .
255 1128 360 1173 que,
385 1117 543 1162 siendo
566 1117 743 1174 obispo,
768 1121 795 1161 ό
821 1116 1126 1174 succediendo
1148 1117 1190 1160 al
1212 1112 1484 1173 patriarcha,
1510 1115 1568 1174 (10
1589 1115 1697 1171 0031
1718 1126 1768 1158 es
1785 1125 1896 1159 cosa

255 1194 311 1238 de
322 1194 340 1250 j
346 1193 590 1238 urisdici6n
606 1210 636 1251 y
651 1195 696 1238 10
712 1194 930 1251 principal
947 1209 1005 1239 en
1022 1194 1064 1239 01
1081 1193 1230 1237 officio
1252 1194 1311 1237 de
1331 1190 1527 1250 obispos)
1544 1189 1662 1237 seria
1683 1199 1896 1249 exempto

253 1271 310 1314 de
330 1271 373 1314 la
395 1271 656 1315 obedientia
676 1272 734 1315 de
754 1272 798 1315 13
818 1272 1088 1328 Compafiia;
1118 1285 1148 1327 y
1175 1284 1356 1326 avnque
1384 1269 1585 1325 quedase
1610 1269 1654 1312 13
1674 1268 1894 1314 obedien-

253 1346 315 1390 tia
336 1348 379 1391 31
396 1347 704 1392 commissario
721 1348 967 1405 apostolico
982 1349 1189 1405 (persona
1205 1348 1261 1391 de
1278 1348 1322 1390 13
1337 1346 1620 1403 Compafiia),
1639 1361 1701 1390 no
1718 1348 1836 1391 seria
1852 1346 1895 1389 13

251 1424 511 1470 obedientia
537 1426 595 1468 de
622 1425 736 1479 iure,
768 1439 899 1469 como
921 1440 1003 1482 por
1029 1428 1104 1468 via
1130 1425 1188 1469 de
1206 1425 1251 1468 13
1277 1420 1542 1480 Compafiia,
1577 1419 1677 1467 sino
1708 1437 1790 1480 por
1820 1426 1897 1466 via

252 1500 516 1558 apostolica,
552 1516 683 1545 como
715 1501 753 1545 51
787 1502 915 1546 fuese
947 1485 1255 1546 commissario
1291 1508 1392 1545 otro
1429 1500 1579 1544 siervo
1616 1501 1674 1545 de
1709 1506 1898 1544 nuestro

254 1579 418 1623 Sefior.

342 1656 383 1698 Y
405 1659 470 1699 asi
492 1670 609 1712 poco
628 1658 655 1699 3
676 1669 791 1712 poco
813 1670 862 1699 50
883 1651 1107 1700 reduziria
1127 1655 1171 1698 13
1201 1669 1308 1699 0053
1335 1659 1361 1698 3
1392 1654 1436 1698 13
1457 1649 1715 1698 obedientia
1730 1647 1894 1710 juridi-

255 1746 323 1784 ca,
348 1747 379 1788 y
397 1747 458 1789 yo
479 1747 560 1789 por
582 1747 692 1776 aora
714 1739 843 1788 estoy
865 1732 1126 1777 deliberado
1147 1727 1205 1776 de
1226 1747 1287 1776 no
1315 1746 1478 1788 querer
1504 1731 1610 1775 salir
1637 1732 1694 1775 de
1721 1732 1765 1775 13
1786 1730 1898 1775 obe-

255 1808 425 1854 dientia
447 1823 536 1865 que
557 1816 696 1866 tengo
717 1809 973 1866 prometida
994 1824 1052 1853 en
1073 1809 1116 1852 13
1139 1805 1348 1866 religien,
1369 1823 1550 1864 avnque
1571 1823 1633 1852 no
1655 1823 1738 1865 soy
1754 1803 1898 1865 digno

255 1886 311 1930 de
333 1893 453 1930 estar
474 1901 531 1931 en
554 1886 655 1940 0113;
675 1901 705 1943 y
722 1890 786 1930 asi
805 1901 950 1944 ruego
972 1901 1060 1943 que
1083 1901 1143 1930 no
1164 1883 1208 1930 lo
1232 1892 1380 1930 traten
1397 1884 1569 1930 directe
1586 1883 1632 1928 ni
1653 1881 1891 1939 indirecte,

253 1963 292 2006 51
313 1978 373 2007 00
395 1962 583 2019 quieren
604 1978 693 2019 que
714 1978 773 2020 yo
794 1964 852 2008 de
867 1967 1003 2007 razon
1020 1967 1047 2007 3
1063 1978 1118 2007 50
1139 1961 1390 2007 sanctidad:
1417 1979 1446 2020 y
1467 1964 1659 2020 podrase
1680 1963 1895 2006 nombrar

253 2056 310 2086 en
332 2040 393 2083 mi
415 2041 548 2097 lugar
569 2047 669 2084 otro
690 2055 775 2097 por
802 2055 1039 2084 successor
1066 2041 1140 2084 del
1167 2040 1437 2097 patriarcha,
1469 2056 1528 2085 00
1555 2054 1661 2083 0350
1689 2054 1779 2095 000
1799 2039 1842 2083 el
1862 2054 1893 2096 y

252 2119 294 2161 01
315 2117 481 2174 primer
500 2131 754 2180 successor,
781 2132 870 2174 que
887 2118 1027 2175 podra
1049 2132 1122 2162 ser
1144 2118 1186 2162 el
1203 2124 1302 2162 otro
1325 2118 1575 2172 coadiutor,
1595 2115 1839 2162 muriesen:
1864 2131 1896 2172 y

251 2196 453 2239 ordenen
483 2195 540 2238 de
567 2198 627 2238 mi
656 2209 786 2238 como
816 2199 1026 2250 querran,
1053 2201 1181 2238 tanto
1202 2209 1311 2251 para
1333 2195 1505 2251 ayudar
1526 2209 1556 2250 y
1585 2192 1728 2244 servir
1750 2188 1792 2237 al
1813 2208 1894 2250 pa-

254 2271 449 2316 triarcha
469 2287 499 2328 y
521 2276 547 2315 3
567 2272 638 2315 105
660 2271 831 2325 (101035,
857 2286 988 2315 00100
1010 2287 1067 2316 00
1089 2268 1310 2328 predicar,
1343 2272 1565 2325 confesar,
1601 2272 1710 2325 leer‚
1742 2269 1895 2313 traba-

248 2348 338 2404 jar,
371 2364 402 2405 y
433 2347 592 2402 servir,
627 2363 657 2404 y
689 2349 935 2405 obedescer
963 2352 990 2392 3
1016 2348 1087 2392 105
1109 2348 1232 2393 dela
1253 2348 1508 2404 Compafiia
1535 2352 1616 2392 303
1636 2360 1666 2404 y
1695 2347 1797 2391 alla.
1825 2341 1894 2390 En

254 2426 397 2469 Roma
423 2427 434 2447 ¹
464 2426 516 2469 16
537 2424 747 2483 deJunio
776 2436 902 2481 1554.
927 2427 985 2469 D.
1012 2421 1070 2469 V.
1098 2423 1151 2469 P.
1177 2425 1324 2469 siervo
1347 2424 1494 2478 invtil‚

1393 2503 1596 2546 ANDRES
1618 2498 1650 2544 ².

323 2632 333 2654 ¹
384 2632 502 2668 Pater
533 2638 666 2669 autem
690 2629 845 2670 Oviedo
876 2629 1064 2680 «Neapoli
1091 2637 1325 2669 evocatus...
1355 2632 1404 2668 ad
1433 2632 1707 2680 Aethiopicam
1735 2631 1889 2667 missio·-

248 2702 338 2727 nem
364 2691 599 2734 destinatus,
626 2691 719 2728 dum
746 2703 809 2727 res
823 2691 873 2728 ad
898 2692 1004 2728 illam
1022 2691 1315 2739 expeditionem
1333 2691 1579 2728 necessariae
1597 2692 1743 2727 Romae
1769 2690 1891 2727 confi-

246 2750 466 2797 ciebantur,
493 2752 675 2798 Tybur...
705 2751 848 2787 missus
866 2756 942 2799 est,
969 2751 1036 2787 ubi
1054 2756 1245 2788 aestatem
1262 2751 1378 2798 hujus
1396 2751 1488 2787 anni
1512 2750 1693 2797 exegit.»
1715 2751 1889 2787 POLAN·

247 2818 316 2854 CO,
337 2814 366 2845 t.
387 2817 443 2854 IV,
465 2822 554 2857 pag.
575 2809 636 2856 23,
656 2822 696 2846 n.
724 2809 788 2846 26.

314 2871 329 2890 ³
380 2866 447 2904 «Ρ.
468 2867 645 2915 Ignatius
663 2881 742 2905 non
760 2867 886 2906 solum
904 2878 1030 2918 aequo
1043 2870 1172 2906 animo
1187 2868 1277 2905 tulit
1290 2869 1395 2917 quod
1412 2865 1460 2905 P.
1482 2863 1660 2905 Andreas
1674 2863 1891 2915 Scribebat,

250 2927 320 2963 sed
338 2928 521 2965 eumdem
540 2941 609 2976 per
626 2929 777 2965 litteras
791 2931 968 2966 hortatus
988 2935 1064 2977 est,
1079 2935 1136 2974 ut,
1155 2929 1283 2977 quoad
1298 2929 1382 2976 ejus
1400 2929 1485 2964 fieri
1503 2934 1650 2976 posset,
1669 2928 1891 2973 resisteret,

249 2993 288 3022 et
307 2987 367 3023 sui
386 2989 571 3024 electioni
589 2989 638 3024 ad
656 2988 819 3035 praelati
837 2989 1007 3026 officium
1025 2997 1101 3025 non
1117 2988 1377 3024 consentiret.
1403 2988 1481 3024 Sed
1498 2989 1608 3034 Rege
1626 2986 1891 3034 Portugalliae

250 3058 319 3093 per
337 3047 530 3094 Legatum
550 3047 589 3083 id
608 3048 867 3095 supplicante,
886 3049 1070 3084 Summus
1088 3047 1285 3091 Pontifex,
1305 3048 1345 3084 in
1363 3047 1508 3083 virtute
1532 3047 1794 3091 obedientiae,
1812 3051 1891 3082 non
