2014 3470
717 245 760 272 21
788 236 1037 274 Novssunms
1066 245 1158 283 1554
1633 239 1699 285 461

209 339 362 384 Todos
383 338 513 395 qineo
539 340 548 360 ¹
572 353 731 382 vamos
753 339 948 391 buenos‚
972 352 1055 395 por
1076 339 1232 395 gracia
1248 340 1322 383 del
1340 340 1502 384 Sefior.
1523 340 1585 384 Al
1607 341 1759 386 Padre

124 418 223 474 fray
243 416 392 474 Diego
413 431 443 472 y
465 416 507 459 al
528 422 663 460 sefior
685 416 832 460 Pedro
850 416 907 460 de
924 416 1208 472 Salamanca‚
1228 417 1382 462 criado
1398 419 1472 462 del
1490 424 1628 461 sefior
1643 418 1756 462 doc-

128 503 197 540 tor
219 495 355 546 Arze,
379 494 598 537 hallamos
620 507 710 549 que
729 500 917 537 estavan
937 506 994 536 en
1017 492 1220 538 Victoria
1240 495 1284 538 13
1306 495 1434 539 tarde
1460 509 1550 550 que
1576 495 1651 538 alli
1674 495 1758 540 lle-

128 586 303 629 gamos,
327 586 357 627 y
377 570 607 627 partieron
629 571 671 614 el
691 577 790 614 otro
810 571 883 614 dia
910 583 999 626 que
1021 578 1251 623 nosotros,
1275 586 1306 628 y
1329 572 1458 615 todos
1481 572 1704 628 llegamos
1730 576 1760 615 3

129 650 311 705 Burgos
333 662 440 704 ayer
460 647 645 690 sabado.

214 726 284 768 En
304 725 371 768 las
393 723 625 779 oraciones
646 724 703 768 de
725 725 777 768 V.
811 725 864 767 P.
895 739 925 780 y
946 724 1004 769 de
1031 724 1100 767 los
1129 725 1300 769 Padres
1322 741 1351 781 y
1374 727 1613 770 hermanos
1634 741 1693 770 en
1715 727 1760 771 el

124 802 270 847 Sefior
297 808 485 846 nuestro
512 815 595 845 nos
622 800 1000 855 encomendamos
1026 801 1324 857 humilmente
1355 817 1414 845 en
1439 803 1481 847 61
1508 803 1676 856 Senot,
1715 804 1760 847 el

124 879 230 936 qual
251 894 329 924 sea
351 892 436 922 con
466 879 599 922 todos
622 877 835 934 siempre,
868 878 1102 922 dandonos
1130 893 1185 922 su
1213 887 1343 923 santa
1371 879 1525 936 graoia
1554 896 1584 937 y
1612 895 1754 924 amor.

125 957 290 1001 Amen.
330 958 401 999 De
430 958 611 1012 Burgos
653 955 703 999 18
741 954 799 999 de
828 954 1104 999 Noviembre
1137 966 1263 1011 1554.
1305 958 1363 1000 D.
1407 958 1464 1000 V.
1508 959 1560 1001 Ρ.
1607 957 1762 1001 siervo

126 1032 272 1085 invtil,

1298 1112 1515 1155 ANDRES.

217 1263 474 1319 Inscripiio:
489 1226 588 1321 δ1115.
614 1262 675 1306 ΑΙ
705 1276 814 1318 muy
835 1262 949 1306 Rdo.
977 1263 1124 1308 Padre
1140 1272 1359 1308 nuuestro
1381 1279 1438 1309 en
1460 1264 1546 1308 X.⁰
1568 1272 1760 1310 nuestro

126 1347 277 1392 sefior,
296 1341 338 1384 61
357 1342 409 1383 Ρ.
429 1341 476 1383 M
483 1339 518 1382 ‚⁰
535 1338 712 1396 Ignatio
733 1339 790 1381 de
811 1339 997 1394 Loyola,
1018 1339 1245 1396 prep6sito
1267 1341 1452 1397 general
1474 1342 1531 1386 de
1552 1342 1595 1385 13
1616 1342 1756 1386 Com-

124 1420 259 1474 pafiia
280 1417 338 1461 de
358 1418 510 1474 Jhus.,
534 1419 561 1459 3
583 1416 725 1460 Santa
746 1414 888 1459 Maria
909 1415 966 1459 de
994 1417 1172 1469 Suada,
1197 1431 1355 1472 aoerca
1376 1418 1432 1461 de
1454 1425 1556 1462 sant
1579 1420 1753 1472 Marco,

125 1495 282 1539 Roma.
308 1494 368 1537 Al
390 1499 518 1550 porte
539 1491 688 1537 medio
709 1492 818 1536 real.

876 1727 1003 1768 9⁰3

673 1828 886 1866 GASPAR
911 1829 1209 1868 GROPILLUS

497 1914 684 1958 PATRI
714 1914 977 1958 IGNATIO
1009 1915 1092 1957 DE
1123 1915 1384 1959 LOYOLA

580 2015 773 2044 BASSANO
798 2015 840 2043 21
870 2016 1111 2044 NOVEans
1141 2016 1232 2055 1554
1257 2011 1289 2045 ².

126 2092 290 2128 Veniam
308 2090 523 2139 tepiditatis
541 2102 634 2127 suae
651 2091 701 2126 ab
718 2090 886 2137 Ignatio,
905 2102 955 2126 ex
972 2091 1100 2127 animo
1125 2091 1276 2139 dolens,
1296 2093 1758 2143 efflagitat.—Concepta

325 2151 431 2198 prius
449 2155 539 2187 vota
554 2155 730 2197 renovat,
748 2161 871 2198 seque
888 2149 1031 2186 iterum
1047 2151 1133 2186 Deo
1149 2162 1195 2187 ac
1212 2151 1402 2188 Societati
1419 2153 1552 2190 tradit.
1572 2187 1576 2190 Α

931 2233 962 2292 †

883 2293 1010 2337 Iesus

220 2391 362 2436 Molto
388 2388 534 2433 dolcie
561 2395 607 2434 et
639 2387 753 2432 Rdo.
794 2387 940 2434 Padre
972 2388 1047 2432 nel
1079 2389 1285 2446 precioso
1313 2406 1489 2449 sangue
1522 2393 1578 2436 (16
1613 2394 1756 2449 Xpo.,

133 2476 287 2513 nostro
309 2467 506 2525 signore.
537 2465 630 2510 Alli
658 2478 703 2509 11
730 2465 994 2510 Nouembre
1014 2467 1166 2510 receui
1187 2468 1336 2523 quelle
1356 2469 1532 2522 lettere,
1556 2469 1690 2526 piene
1711 2469 1757 2513 di

130 2545 303 2591 charita
323 2552 370 2590 et
392 2544 504 2599 zelo,
528 2543 646 2588 delle
667 2544 720 2586 P.
747 2543 804 2586 V.
825 2556 960 2588 uerso
980 2543 1023 2587 13
1044 2543 1189 2600 gloria
1205 2545 1278 2589 del
1294 2553 1450 2590 nostro
1474 2546 1685 2604 Signore,
1710 2553 1758 2592 et

203 2746 213 2766 ¹
265 2743 449 2790 Quinque
472 2742 512 2778 hi
534 2746 658 2778 erant:
683 2740 871 2777 Melchior
893 2740 1094 2787 Cameiro,
1120 2741 1296 2778 Andreas
1326 2743 1375 2779 de
1401 2743 1567 2789 Oviedo,
1592 2744 1757 2781 Michael

128 2804 264 2847 Barul,
294 2803 463 2838 Thomas
492 2800 739 2845 Passitanus,
771 2801 943 2847 Joannes
973 2799 1144 2837 Bocchiu
1173 2801 1258 2838 sine
1282 2803 1474 2839 Bocchius
1489 2830 1498 2844 ,
1533 2803 1759 2839 sacerdotes

130 2874 278 2906 omnes,
303 2862 427 2897 Roma
450 2859 628 2907 profecti,
653 2871 816 2907 quorum
833 2859 911 2895 duo
934 2859 1048 2907 primi
1066 2859 1232 2907 professi
1250 2867 1416 2909 quatuor
1434 2869 1613 2899 votorum
1632 2869 1759 2910 erant,

131 2921 278 2959 caeteri
305 2921 421 2957 trium
454 2924 634 2956 votorum
667 2918 950 2966 professionem
983 2919 1216 2967 emiserant,
1246 2926 1349 2957 teste
1383 2922 1602 2967 POLANCO‚
1638 2927 1666 2958 t.
1702 2930 1762 2967 lv,

133 2994 226 3030 pag.
250 2981 286 3026 8,
305 2993 347 3016 n.
371 2987 394 3025 7
412 2983 451 3015 et
469 2990 558 3026 pag.
578 2977 661 3024 576,
678 2990 720 3015 n.
748 2977 851 3014 1232.

205 3045 220 3066 ²
269 3041 328 3077 Ex
346 3039 586 3086 autographo
602 3038 643 3074 in
660 3039 739 3074 vol.
756 3038 804 3085 E,
822 3037 936 3074 unico
953 3037 1062 3084 folio,
1082 3051 1124 3075 n.
1147 3049 1208 3087 44,
1227 3040 1333 3087 prius
1351 3049 1412 3085 74.
