2060 3432
856 211 902 249 28
927 213 1040 260 Jmm
1069 220 1159 259 1555
1243 210 1245 212 ’
1704 211 1777 258 703

947 431 1065 471 978

705 519 1007 570 PRINCEPS
1043 519 1291 567 JOANNA

596 598 902 656 JOANNI
946 598 1042 641 DE
1090 598 1411 642 LANUZA

744 697 895 722 summo
914 685 1134 732 Aragoniae
1148 685 1272 732 judici

668 777 958 806 vALL1s0LETo
983 769 1029 805 28
1053 778 1159 813 Imm
1187 777 1276 815 1555
1305 771 1337 806 ¹.

301 846 540 883 Societatem
559 847 671 893 Jesu,
690 847 1027 893 Caesaraugustae
1044 847 1285 892 collocatam,
1305 846 1420 882 valde
1437 846 1701 883 commendat.

276 931 523 989 Magnifico
547 931 795 987 consejero,
821 931 980 974 amado
1007 931 1065 974 de
1093 945 1146 974 su
1179 931 1429 987 magestad.
1462 930 1719 975 Entendido
1739 932 1823 974 he-

185 1023 287 1053 mos
308 1022 411 1064 que,
437 1007 631 1052 aviendo
654 1008 848 1064 algunos
869 1007 1108 1064 religiosos
1128 1008 1186 1051 de
1206 1007 1250 1051 13
1276 1008 1416 1052 orden
1440 1022 1470 1063 y
1491 1008 1743 1064 Compafiia
1765 1008 1823 1052 de

180 1088 333 1144 Jesus,
359 1099 445 1128 con
466 1084 681 1128 limosnas
709 1084 767 1128 de
793 1085 836 1128 13
869 1084 1033 1128 ciudad
1059 1099 1090 1141 y
1117 1085 1174 1127 de
1201 1099 1418 1141 personas
1447 1084 1739 1140 particulares
1766 1085 1823 1128 de

186 1177 288 1207 esse
307 1176 465 1219 reyno,
487 1162 731 1218 comprado
756 1160 896 1205 cierta
923 1174 1028 1205 casa
1056 1176 1086 1217 y
1116 1160 1220 1204 sitio
1248 1175 1357 1218 para
1380 1161 1565 1205 edificar
1587 1176 1645 1205 en
1671 1162 1713 1205 el
1736 1176 1824 1205 vna

186 1239 346 1297 iglesia
367 1254 397 1295 y
418 1237 610 1296 collegio
634 1239 691 1283 de
711 1252 767 1282 su
795 1238 958 1290 orden,
983 1253 1014 1294 y
1041 1239 1351 1294 eomeneando
1382 1242 1409 1281 a
1440 1238 1641 1283 celebrat
1662 1238 1729 1282 los
1750 1238 1820 1281 di-

187 1316 316 1360 vinos
345 1316 540 1369 officios,
571 1316 613 1360 el
640 1315 810 1359 vicario
838 1315 1024 1373 general
1048 1315 1122 1360 del
1154 1314 1411 1372 arcobispo,
1445 1319 1472 1358 a
1498 1314 1722 1359 instancia
1749 1315 1823 1359 del

187 1393 305 1451 prior
328 1394 384 1437 de
405 1394 453 1438 S.
479 1394 682 1449 Agustin
703 1408 734 1449 y
755 1393 813 1438 de
833 1392 998 1436 ciertos
1020 1391 1210 1436 vicarios
1232 1393 1288 1436 de
1310 1393 1395 1435 dos
1416 1391 1690 1448 parrochias,
1715 1407 1822 1449 pro-

183 1474 302 1527 veyo
323 1470 463 1515 cierta
485 1469 759 1526 provissi6n‚
784 1485 843 1514 en
862 1483 951 1526 que
981 1470 1168 1523 mando„
1202 1484 1252 1512 so
1273 1483 1391 1526 pena
1422 1469 1479 1513 de
1500 1469 1818 1523 excomunion,

183 1561 276 1603 que
296 1547 502 1604 ninguno
524 1561 640 1603 vaya
661 1551 688 1590 3
707 1546 775 1590 oir
795 1547 863 1591 los
890 1546 1067 1590 divinos
1096 1546 1253 1590 oficios
1275 1550 1301 1590 3
1326 1546 1370 1590 13
1397 1545 1530 1589 dicha
1552 1560 1656 1590 casa
1676 1561 1706 1602 y
1727 1547 1822 1590 col-

185 1624 322 1682 legio,
347 1638 434 1668 con
454 1624 646 1681 algunas
667 1624 874 1680 palabras
895 1637 984 1679 que
1006 1625 1166 1667 trahen
1188 1623 1330 1680 algt'm
1352 1624 1592 1668 escandalo
1613 1638 1643 1679 y
1663 1636 1820 1680 sospe-

184 1703 288 1755 cha,
328 1701 485 1745 siendo
517 1701 560 1744 la
596 1700 730 1744 dicha
761 1702 902 1744 orden
933 1702 1161 1758 aprovada
1192 1715 1273 1757 por
1296 1701 1363 1744 los
1386 1714 1541 1744 sumos
1564 1700 1816 1756 pontifices,

186 1793 216 1834 y
247 1779 355 1823 sede
386 1777 654 1834 apostolica,
688 1792 798 1834 muy
828 1777 1124 1835 privilegiada
1154 1793 1184 1834 y
1216 1776 1472 1821 favorecida
1503 1791 1593 1820 con
1622 1777 1820 1833 grandes

185 1854 446 1912 privilegios
468 1858 493 1898 e
514 1854 714 1899 indultos
730 1889 740 1909 ,
764 1855 832 1898 los
859 1854 1016 1910 quales
1037 1856 1129 1898 han
1155 1854 1254 1898 sido
1277 1854 1571 1911 presentados
1599 1869 1656 1898 en
1678 1853 1720 1897 el
1741 1867 1820 1896 su-

187 1946 341 1988 premo
377 1932 559 1988 consejo
590 1932 648 1975 de
677 1933 889 1988 Aragon,
920 1931 1062 1976 vistos
1098 1947 1128 1988 y
1164 1931 1476 1984 examinados,
1511 1946 1541 1987 y
1573 1931 1707 1975 sobre
1733 1930 1822 1974 ello

184 2009 436 2065 proveydas
459 2008 760 2065 provissiones
782 2008 1064 2054 executorias
1086 2010 1118 2052 ².
1151 2010 1192 2052 Y
1220 2023 1392 2066 porque
1420 2015 1518 2052 esto
1547 2008 1740 2064 procede
1762 2007 1819 2051 de

262 2136 272 2156 ¹
322 2135 382 2169 Ex
398 2139 641 2181 transumpto
658 2133 698 2170 in
715 2145 832 2181 opere
850 2145 923 2170 ms.
942 2134 1159 2178 ALVAREZ,
1174 2134 1284 2170 Hist.
1304 2135 1352 2170 de
1367 2135 1408 2169 la
1420 2134 1636 2181 provincia
1652 2134 1699 2169 de
1716 2133 1822 2168 Ara-

182 2195 281 2241 gdn,
303 2198 336 2229 t.
360 2203 386 2236 1,
405 2194 475 2230 lib.
492 2203 534 2239 11,
553 2205 643 2241 pag.
661 2192 747 2240 436,
764 2192 847 2239 437.
867 2194 1007 2229 Exstat
1023 2193 1129 2229 aliud
1146 2195 1371 2241 exemplum
1388 2193 1490 2241 apud
1507 2194 1818 2236 RIVADENEIRA‚

191 2253 378 2288 Historia
395 2264 467 2288 ms.
486 2253 533 2288 de
557 2253 599 2287 la
617 2253 842 2288 Asistenc-ia
857 2254 906 2288 de
929 2252 1116 2300 Espar'ia,
1140 2253 1209 2289 lib.
1234 2263 1276 2298 11,
1301 2265 1388 2300 cap.
1426 2260 1485 2297 17.
1516 2253 1618 2298 Jam,
1645 2261 1819 2286 summus

190 2312 411 2358 Aragoniae
425 2311 561 2358 judex,
572 2312 750 2358 justicia
774 2317 929 2358 vocant,
951 2317 1035 2347 erat
1058 2313 1229 2358 Joannes
1255 2313 1412 2348 Lanuza
1435 2312 1503 2347 IV.
1524 2310 1679 2346 Etenim
1699 2321 1822 2345 «anno

192 2380 334 2417 MDva,
353 2372 403 2406 ab
420 2371 558 2406 eodem
576 2370 730 2416 Carolo,
753 2382 843 2407 cum
865 2371 968 2419 apud
990 2372 1135 2418 Belgas
1162 2376 1282 2418 esset,
1307 2384 1342 2407 a.
1362 2371 1399 2407 d.
1419 2380 1507 2407 XVI.
1545 2371 1631 2405 Kal.
1658 2368 1764 2415 Maii,
1782 2370 1823 2404 'in

190 2429 356 2466 Ferrarii
374 2430 553 2477 proximi,
570 2430 746 2476 germani
763 2430 906 2474 fratris,
927 2431 1055 2466 locum
1073 2431 1262 2467 suffectus
1278 2430 1366 2466 fuit:
1395 2436 1438 2466 ut
1460 2430 1508 2465 ad
1531 2440 1648 2476 quem
1673 2439 1824 2463 moeror

190 2489 296 2525 illius
314 2494 437 2525 morte
451 2489 649 2535 veniebat,
668 2488 716 2524 ad
733 2489 915 2525 eumdem
930 2501 1086 2538 quoque
1110 2490 1374 2537 amplissimus
1400 2490 1473 2525 iste
1497 2490 1620 2524 honos
1645 2487 1823 2534 perueni-

191 2554 288 2585 ret».
308 2550 520 2592 BLANCAS,
539 2550 867 2596 Aragonensium
885 2561 1024 2585 rerum
1042 2551 1337 2593 commentarii,
1357 2561 1446 2597 pag.
1466 2548 1547 2595 518.

265 2607 281 2628 ¹
329 2608 427 2643 Rem
450 2607 507 2643 sic
525 2613 678 2643 enarrat
697 2608 910 2650 ALVAREZ,
936 2609 968 2644 l.
996 2621 1045 2651 c.‚
1071 2620 1160 2656 pag.
1191 2608 1261 2654 413
1291 2615 1332 2645 et
1362 2619 1485 2656 seqq.:
1519 2607 1757 2644 «Concluida
1787 2607 1824 2641 la

191 2678 349 2714 compra
366 2667 415 2703 de
432 2668 469 2702 13
485 2678 576 2702 casa
591 2666 640 2702 de
658 2666 811 2702 Sancho
829 2667 878 2703 de
896 2668 1119 2715 Francia...,
1138 2669 1175 2704 el
1193 2669 1238 2704 P.
1263 2669 1439 2716 Baptista
1463 2668 1510 2703 de
1536 2668 1688 2711 Barma,
1708 2665 1823 2701 Vice-

197 2726 428 2772 Provincial,
445 2737 522 2773 qne
539 2728 627 2762 avia
644 2725 708 2762 ido
726 2731 912 2762 entonees
935 2729 957 2763 3
979 2728 1223 2774 Zaragoza...
1248 2727 1314 2764 fue
1339 2730 1360 2764 3
1384 2729 1490 2763 verla
1515 2739 1540 2773 y
1564 2726 1632 2761 dar
1663 2727 1698 2761 13
1716 2730 1822 2761 traza

193 2788 306 2821 como
323 2797 366 2821 se
383 2785 632 2820 acomodasse
649 2797 740 2832 para
758 2787 794 2821 13
811 2786 1031 2822 havitaeion
1049 2786 1098 2822 de
1115 2788 1173 2823 los
1191 2787 1336 2823 Padres
1354 2799 1380 2834 y
1399 2785 1591 2822 exercicio
1605 2785 1654 2820 de
1673 2796 1739 2820 sus
1753 2783 1822 2820 mi-

196 2844 391 2880 nisterios.
411 2844 556 2880 Hizose
580 2845 697 2891 luego
714 2857 740 2892 y
763 2856 837 2880 con
858 2844 1081 2892 diligencia,
1105 2845 1294 2882 haciendo
1318 2846 1457 2893 iglesia
1475 2848 1497 2880 6
1521 2844 1660 2891 capilla
1678 2843 1727 2879 de
1746 2854 1823 2879 vna

195 2905 277 2939 sala
294 2904 456 2950 baxa...,
474 2903 716 2950 aderecando
739 2915 785 2939 su
809 2905 906 2940 altar
933 2917 960 2951 y
989 2906 1027 2941 lo
1051 2905 1185 2941 demas
1207 2906 1429 2942 necessario
1459 2916 1549 2952 para
1566 2904 1672 2940 decir
1702 2902 1822 2939 Missa

196 2967 326 3009 presto
343 2975 369 3009 y
387 2963 654 3010 pobremente,
674 2964 710 2999 el
727 2964 815 3010 qual
835 2963 999 2999 aderezo
1016 2964 1151 3017 dieron
1169 2966 1239 3001 D.·
1254 2967 1474 3012 Esperanza
1493 2976 1519 3011 y
1543 2964 1614 2999 D.·
1640 2963 1754 2999 Anna
1771 2961 1820 2998 de

195 3022 361 3067 Gurrea,
380 3025 539 3057 sefioras
557 3021 789 3070 principales
806 3022 855 3059 de
873 3024 1025 3071 aquella
1046 3024 1200 3072 ciudad,
1218 3037 1244 3072 y
1263 3026 1466 3060 hermanas
1485 3023 1546 3059 del
1566 3021 1823 3059 Governador
