2060 3450
786 247 831 284 24
859 238 1032 277 Arruns
1060 248 1149 285 1555
1665 238 1736 283 607

145 341 296 398 (come
317 340 343 383 ὲ
364 338 507 396 detto)
529 345 576 382 et
597 353 840 395 procurare
860 339 893 382 il
913 341 1029 384 bene
1049 340 1106 384 de
1127 340 1171 383 13
1190 339 1344 385 chiesa
1364 346 1520 383 sancta
1540 346 1586 382 et
1607 340 1682 384 del
1700 354 1785 396 po-

146 417 255 473 pulo
285 415 461 459 d’Iddio
474 449 484 468 ,
515 415 709 472 bisogna
738 416 831 461 fare
865 416 1109 460 altrimenti
1144 416 1190 460 di
1227 417 1378 472 quello
1410 417 1494 460 che
1520 415 1647 459 molti
1681 415 1782 460 altri

145 492 289 536 vostri
310 491 585 537 antecessori
607 494 759 536 hanno
781 493 908 536 fatto.
929 493 1047 536 Loro
1067 492 1099 535 il
1119 492 1199 549 piu
1214 493 1314 538 dele
1332 493 1471 545 uolte,
1496 493 1780 549 procurando

144 570 401 626 grandezze
423 583 449 612 a
469 568 536 612 soi
558 569 750 625 parenti,
775 571 812 612 s’
830 570 983 613 hanno
1003 569 1272 614 smenticato
1289 569 1320 612 il
1335 570 1454 614 bene
1469 569 1667 626 publico,
1686 584 1779 613 non

144 646 256 703 pero
276 660 412 689 senza
433 646 607 702 grande
628 646 842 689 scandalo
863 646 921 689 de
941 646 1118 702 populi,
1143 653 1190 691 et
1217 645 1392 689 iactura
1419 645 1523 689 delli
1551 645 1658 690 beni
1678 646 1780 689 dela

142 722 316 776 chiesa,
340 730 386 765 et
408 724 554 766 ancho
576 722 703 766 roina
725 723 826 767 dele
853 722 1018 776 anime,
1042 722 1087 766 di
1114 724 1248 767 modo
1275 725 1361 766 che
1389 722 1427 766 si
1449 730 1615 779 poteua
1636 723 1733 767 dire
1753 738 1780 766 a

149 799 260 842 loro:
291 800 469 843 Nomen
497 798 583 843 Dei
610 799 948 856 blasphematur
975 813 1055 856 per
1091 814 1175 843 vos
1203 799 1320 844 inter
1347 806 1508 856 gentes
1540 801 1569 842 ¹.
1596 800 1653 842 Et
1673 799 1781 855 pero

149 890 245 919 non
265 877 291 919 e
311 882 429 918 stato
451 875 718 932 marauiglia
739 890 789 920 se
809 875 898 919 Dio
918 877 1188 929 benedetto,
1215 877 1358 921 offeso
1387 877 1445 919 da
1472 875 1610 931 quelli
1632 877 1717 919 che
1738 876 1783 918 lo

143 953 388 996 doueuano
410 954 632 997 honorare
653 951 731 1009 piu
752 953 836 996 che
859 952 965 996 tutti
985 952 1018 995 li
1038 952 1161 1006 altri,
1186 959 1232 996 et
1253 954 1460 997 metterlo
1482 952 1529 995 in
1550 952 1782 996 existima—

150 1028 273 1073 tione
293 1035 340 1072 et
361 1028 596 1073 riuerenza
616 1029 659 1072 al
681 1030 862 1082 mondo,
881 1029 1047 1073 habbia
1062 1030 1179 1074 bene
1195 1024 1241 1073 et
1256 1029 1535 1074 sauiamente
1557 1030 1782 1073 destrutto

146 1119 286 1149 senza
301 1107 411 1158 loro,
432 1107 537 1161 quel
553 1108 637 1150 che
654 1106 749 1149 loro
765 1120 901 1150 senza
916 1106 980 1149 lui
997 1107 1266 1151 malamente
1281 1113 1327 1150 et
1343 1105 1781 1163 imprudentemente

151 1184 390 1227 haueuano
411 1182 636 1236 edificat03
661 1182 899 1239 percioche
920 1184 1075 1228 uolere
1091 1183 1275 1227 lassiare
1290 1182 1321 1225 il
1338 1183 1494 1239 propio
1509 1183 1676 1236 vfficio,
1695 1185 1780 1227 che

149 1260 175 1302 e
196 1259 242 1302 di
263 1274 534 1304 conseruare
555 1259 583 1302 il
607 1260 725 1304 bene
745 1274 1003 1313 commune,
1029 1267 1075 1303 et
1096 1261 1267 1304 honore
1287 1260 1404 1304 della
1425 1259 1577 1304 chiesa
1593 1260 1650 1303 de
1671 1260 1776 1314 Dio,

150 1343 197 1380 et
217 1336 416 1380 studiare
448 1337 505 1380 ad
532 1336 794 1393 ingrandire
821 1336 852 1378 li
879 1336 945 1380 soi
970 1336 1147 1393 parenti
1175 1337 1260 1380 alle
1287 1351 1418 1393 spese
1444 1337 1518 1381 del
1545 1336 1776 1390 crocifixo,

150 1413 242 1469 egli
263 1427 340 1456 era
360 1420 521 1469 troppo
548 1427 732 1458 enorme
752 1420 799 1456 et
820 1413 1176 1469 insupportabile
1192 1413 1267 1456 alli
1289 1413 1431 1469 occhij
1456 1414 1514 1458 de
1530 1413 1632 1466 Dio,
1653 1428 1782 1458 come

148 1490 286 1534 credo
307 1489 381 1532 voi
402 1491 598 1533 anchora
617 1503 746 1532 meco
773 1489 1082 1533 confessareti.
1113 1489 1402 1534 Mettendoui
1431 1491 1609 1534 donche
1639 1489 1783 1533 inanti

149 1565 181 1608 li
202 1566 331 1609 occhi
352 1566 506 1619 vostri,
531 1580 610 1623 per
631 1566 778 1623 riparo
799 1573 956 1609 contra
977 1565 1007 1608 li
1029 1566 1172 1610 affetti
1193 1566 1395 1619 humani,
1416 1581 1467 1611 se
1482 1581 1782 1622 soprauenes-

149 1656 269 1695 sero,
301 1643 330 1685 l’
360 1642 575 1686 infelicita
601 1642 689 1685 deli
717 1642 891 1698 parenti
919 1643 976 1686 de
1002 1642 1143 1686 vostri
1173 1643 1501 1699 predecessori,
1532 1642 1780 1699 ingranditi

142 1734 176 1762 -a
197 1726 358 1775 questo
379 1720 531 1772 modo,
557 1719 857 1775 consyderati,
884 1719 928 1762 vi
949 1733 1103 1776 prego,
1128 1720 1261 1775 quale
1282 1726 1329 1763 et
1351 1727 1519 1775 quanta
1540 1719 1694 1763 vanita
1714 1720 1781 1764 sia

147 1795 181 1838 il
202 1810 415 1852 procurar
433 1792 687 1853 'grandezze
709 1797 794 1840 alle
815 1810 898 1839 sue
919 1810 1039 1850 case,
1059 1797 1145 1840 alle
1167 1810 1297 1852 spese
1313 1797 1414 1839 dela
1438 1796 1603 1840 chiesa.
1631 1797 1780 1852 Quale

144 1874 176 1916 e
197 1880 315 1917 stata
335 1874 378 1917 la
398 1873 491 1917 vita
511 1880 557 1917 et
574 1874 694 1918 exito
711 1874 822 1926 loro,
842 1888 934 1917 non
950 1874 1199 1918 solamente
1214 1881 1385 1929 quanto
1402 1874 1444 1916 al
1461 1888 1597 1930 corpo
1613 1882 1660 1918 et
1675 1887 1781 1917 cose

150 1950 400 2007 temporali,
423 1965 497 1994 ma
518 1949 653 1994 etiam
675 1949 786 1993 forsi
807 1958 976 2006 quanto
998 1950 1054 1993 al'
1079 1949 1244 2004 anima,
1269 1956 1314 1994 et
1343 1949 1450 1993 forsi
1470 1965 1551 2006 per
1571 1951 1703 2006 colpa
1724 1951 1781 1994 de

151 2027 288 2082 quelli
309 2029 394 2072 che
414 2027 445 2070 11
466 2026 783 2083 ingrandirno?
805 2028 863 2069 Et
884 2029 1029 2070 ancho
1046 2026 1076 2069 li
1097 2026 1376 2083 procuratori
1398 2026 1443 2069 di
1467 2027 1543 2070 tali
1559 2028 1720 2070 honori
1736 2034 1782 2072 et

149 2103 340 2160 dignita,
367 2119 392 2148 a
412 2105 497 2149 che
518 2104 608 2147 fine
629 2118 741 2147 sono
762 2104 858 2147 loro
873 2103 1051 2148 venuti?
1073 2104 1116 2148 O
1133 2103 1176 2146 di
1195 2110 1365 2159 quanta
1380 2118 1528 2160 puoca
1544 2104 1782 2149 duratione

150 2180 178 2223 e
193 2187 327 2233 stato,
351 2187 397 2224 et
413 2182 454 2233 e,
474 2181 579 2236 quel
596 2182 682 2224 che
698 2187 824 2223 tanto
845 2180 1223 2225 laboriosamente
1237 2181 1390 2223 hanno
1407 2195 1506 2223 com
1524 2180 1644 2224 mille
1661 2181 1782 2223 modi

149 2263 199 2301 et
219 2256 305 2300 arti
326 2258 580 2313 procurato!
606 2259 697 2309 Ma,
722 2258 828 2312 quel
848 2259 934 2300 che
954 2256 1031 2313 piu
1052 2256 1260 2313 importa,
1285 2264 1454 2312 quanto
1476 2257 1781 2312 dispiaceuole

153 2334 179 2377 e
200 2348 227 2376 a
247 2333 334 2377 Dio
352 2336 436 2377 che
451 2348 541 2376 vno
558 2333 726 2376 vicario
741 2348 846 2387 suo,
867 2334 1000 2389 quale
1022 2333 1184 2387 debbe‚
1204 2348 1230 2377 a
1246 2333 1379 2390 guisa
1400 2334 1457 2376 de
1479 2333 1622 2378 Giesu
1645 2334 1779 2377 Chri-

152 2417 239 2463 sto,
266 2411 360 2455 fare
381 2409 656 2466 professione
678 2409 723 2452 di
745 2412 934 2466 pouerta
950 2417 996 2454 et
1011 2410 1240 2463 bassezza,
1266 2417 1392 2454 tanto
1408 2425 1490 2467 per
1506 2424 1571 2463 se,
1597 2411 1682 2454 che
1697 2425 1778 2466 per

152 2487 184 2530 li
205 2486 288 2540 soi,
312 2495 358 2530 et
374 2487 573 2531 animare
593 2486 796 2543 ogniuno
817 2487 875 2530 ad
895 2501 1011 2539 esse,
1036 2501 1115 2543 per
1136 2487 1215 2543 piu
1235 2486 1529 2531 liberamente
1551 2487 1707 2531 uolare
1734 2487 1777 2529 al

148 2564 292 2618 -cielo,
318 2578 447 2608 cerea
475 2563 658 2618 honori,
689 2564 943 2620 grandezze
970 2570 1017 2608 et
1044 2563 1248 2608 richezze
1275 2578 1355 2620 per
1382 2578 1452 2616 se,
1478 2571 1524 2606 et
1544 2578 1625 2619 per
1653 2563 1682 2605 li
1710 2563 1779 2606 soi

153 2641 343 2698 parenti!
370 2641 428 2685 Vi
444 2640 580 2684 lascio
596 2639 671 2682 voi
688 2647 831 2683 stesso
847 2639 1029 2696 giudice
1045 2639 1090 2682 di
1108 2646 1284 2696 queste,
1303 2653 1436 2683 come
1452 2639 1571 2682 colui
1587 2641 1672 2682 che
1689 2654 1780 2682 non

147 2719 179 2762 e
205 2718 435 2775 lusingato
471 2718 668 2761 anchora
704 2717 777 2759 dal
814 2716 943 2760 dolce
978 2723 1112 2760 canto
1148 2716 1248 2761 dele
1282 2730 1458 2773 syrene.
1488 2716 1603 2759 Dala
1630 2717 1782 2759 buona

150 2801 306 2837 vostra
326 2794 419 2837 vita
440 2794 510 2837 sin
532 2793 636 2849 qui,
667 2792 808 2849 piglio
835 2791 1002 2837 fiducia
1029 2793 1192 2847 ferma,
1225 2807 1305 2849 per
1326 2793 1369 2836 la
1390 2793 1529 2835 bonta
1555 2792 1613 2836 de
1639 2791 1785 2836 Giesu

148 2870 358 2925 Christo,
382 2870 413 2913 il
434 2871 565 2926 quale
586 2871 697 2913 hora
724 2868 1017 2914 liberamente
1045 2883 1124 2925 per
1150 2871 1322 2913 honore
1349 2883 1432 2912 suo
1460 2868 1521 2910 mi
1545 2869 1587 2912 fa
1608 2869 1784 2924 parlare

227 3033 239 3053 ¹
290 3031 356 3066 AD
372 3031 480 3067 Rom.
498 3040 541 3077 n,
560 3039 619 3076 24.
