2060 3432
773 267 798 302 9
822 256 1087 293 Sum-numus
1115 265 1206 304 1555
1733 259 1805 305 875

173 358 321 415 bispo,
351 373 382 414 y
408 358 453 402 el
479 357 742 411 salmedina,
766 373 797 415 y
818 359 860 403 el
881 357 1065 414 justicia
1085 359 1143 403 de
1163 358 1370 423 Arag6n‚
1402 373 1488 402 con
1509 360 1699 403 muchos
1725 374 1803 404 ca-

173 435 383 487 uallerOS,
406 450 436 491 y
457 449 515 490 yo
538 449 623 478 con
644 435 771 489 ellos,
795 434 976 479 salimos
995 438 1022 478 a
1036 434 1202 480 reciuir
1218 436 1328 479 3105
1345 430 1516 480 Ρ3(1165
1531 437 1648 480 (1613
1663 437 1802 480 Com-

172 514 306 568 pafiia
326 511 549 569 (16]65115,
574 525 604 567 y
626 512 693 555 105
715 511 929 556 traximos
949 516 976 555 3
995 517 1176 557 5116353
1196 525 1286 568 que
1303 511 1455 557 tienen
1472 527 1531 557 en
1547 514 1800 570 Caragoea,

171 589 214 632 la
235 588 342 643 qual
363 588 439 631 fue
462 588 518 633 de
541 588 723 632 Sancho
754 589 812 633 de
838 588 1046 642 Francia,
1084 603 1115 645 y
1141 589 1363 633 hallamos
1390 603 1446 632 en
1475 589 1607 634 dicha
1634 604 1738 634 casa
1760 591 1802 634 al

171 664 320 720 virrey
346 665 356 685 ¹
379 680 410 720 y
438 665 480 708 31
507 664 754 720 inquisidor
781 665 815 718 ¹,
848 678 937 721 que
964 679 1048 709 nos
1069 666 1381 722 aguardauan,
1405 681 1435 723 y
1455 681 1513 722 yo
1534 666 1638 711 dixe
1665 667 1738 710 aui
1759 668 1804 710 la

170 741 322 794 missa;
348 757 377 797 y
399 756 485 785 con
508 748 605 785 esto
633 743 700 785 105
728 743 898 787 Ρ3(1165
925 742 982 786 (16
1009 741 1141 786 dicha
1174 743 1424 799 Compafiia
1453 759 1510 787 an
1533 745 1722 787 tornado
1742 757 1800 788 en

170 819 213 861 la
233 817 467 874 possesion
489 818 546 862 de
567 833 621 861 su
643 832 748 862 6353
767 833 798 875 y
819 818 1029 873 oratorio,
1054 833 1112 862 en
1133 820 1176 863 el
1197 820 1303 875 qual
1324 817 1387 864 (16
1401 822 1492 877 hoy
1514 835 1570 865 en
1593 820 1803 865 adelante

169 896 309 938 haran
329 908 407 938 sus
429 894 683 948 exercitios,
706 910 737 952 y
758 895 1001 940 edificarim
1023 897 1188 941 6116113
1215 911 1270 940 511
1298 896 1508 954 collegio,
1538 913 1568 954 y
1596 897 1801 941 5611111311

90 1007 94 1010 .
168 975 194 1013 a
215 970 327 1015 Dios
347 986 405 1015 en
427 978 524 1015 esta
546 972 710 1015 ciudad
731 987 820 1016 6011
842 974 1063 1017 uoluntad
1085 974 1142 1017 de
1164 974 1295 1018 todos
1310 975 1379 1018 los
1395 975 1451 1018 de
1471 974 1604 1018 dicha
1622 974 1799 1019 ciudad.

257 1049 310 1091 El
333 1051 385 1091 P.
412 1050 601 1093 Estrada
622 1064 672 1094 56
692 1050 871 1106 apareje
890 1065 999 1107 para
1019 1051 1150 1095 uenir
1170 1049 1251 1095 363
1272 1055 1298 1095 a
1325 1052 1546 1108 predicar,
1579 1052 1622 1095 al
1644 1052 1750 1107 qual
1770 1067 1800 1107 y

169 1126 212 1168 al
234 1126 287 1168 P.
315 1126 507 1181 Queralt
523 1127 670 1171 embie
692 1128 748 1171 V.
775 1128 824 1174 S.
850 1126 936 1194 mis
956 1128 1289 1182 encomiendas,
1316 1143 1347 1185 y
1367 1135 1464 1172 esta
1492 1135 1616 1172 carta
1647 1143 1736 1184 que
1757 1129 1801 1172 13

93 1219 95 1222 ⁴
171 1201 379 1247 resciuan
402 1216 484 1258 por
511 1202 624 1256 suia3
658 1218 688 1260 y
713 1206 895 1260 pesame
917 1218 1006 1260 que
1027 1205 1070 1248 61
1090 1211 1224 1248 senor
1241 1206 1528 1262 gouernador
1544 1204 1758 1262 persigua
1773 1210 1800 1249 3

170 1279 238 1322 105
261 1278 391 1323 desta
412 1279 662 1335 Compafiia
697 1281 754 1325 de
769 1282 920 1338 Jesus,
945 1291 1116 1338 porque
1152 1282 1201 1327 S.
1227 1283 1287 1326 A.
1319 1296 1369 1326 se
1405 1282 1587 1338 enojara
1613 1296 1722 1338 muy
1743 1283 1803 1327 de

172 1369 304 1399 ueras
327 1356 472 1410 destO,
496 1371 526 1412 y
547 1357 604 1400 (16
640 1371 838 1410 111311613,
880 1371 969 1413 que
995 1358 1038 1402 16
1074 1362 1232 1414 pesara
1262 1359 1304 1402 al
1331 1365 1466 1404 senor
1493 1356 1799 1416 gouernador,

103 1478 107 1480 ,
170 1446 273 1488 que,
299 1447 379 1489 por
400 1446 474 1476 ser
494 1447 553 1489 yo
573 1448 626 1476 su
649 1433 869 1487 seruidor,
909 1449 981 1478 me
1007 1439 1166 1491 pesara
1196 1435 1252 1479 de
1280 1432 1515 1491 qualquier
1541 1437 1631 1479 mal
1660 1442 1799 1479 trata-

168 1509 336 1553 miento
358 1524 447 1565 que
467 1511 509 1553 al
525 1508 671 1554 sefior'
684 1512 974 1568 gouernador
996 1526 1045 1556 se
1066 1512 1108 1557 16
1129 1511 1296 1557 hiziere
1319 1513 1351 1555 ³.

167 1647 240 1675 est.
260 1639 339 1675 Res
357 1639 460 1675 enim
478 1639 562 1687 ipsa
578 1641 764 1687 postulat,
783 1645 840 1683 ut,
858 1641 1041 1689 quoniam
1055 1652 1132 1677 11011
1148 1642 1270 1689 prius,
1289 1643 1427 1678 saltem
1451 1641 1501 1678 ad
1522 1642 1672 1678 calcem
1691 1643 1801 1678 volu—

167 1698 296 1745 minis,
315 1698 354 1734 in
371 1711 448 1746 quo
466 1699 626 1735 historia
644 1699 852 1736 Societatis
869 1707 1244 1747 caesaraugustanae
1259 1701 1419 1745 texitur,
1435 1702 1560 1738 veluti
1578 1702 1681 1738 illius
1698 1713 1799 1750 apex

167 1757 263 1794 illud
279 1757 541 1804 fragmentum
557 1759 781 1795 collocetur.
802 1759 918 1806 Quod
935 1759 1108 1807 quidem,
1127 1761 1201 1796 etsi
1221 1760 1284 1796 die
1303 1760 1524 1808 scriptionis
1544 1767 1689 1807 careat,
1707 1772 1796 1797 cum

167 1822 297 1853 tamen
315 1816 466 1853 dicatur
483 1823 591 1854 «esta
615 1821 778 1854 mariana
794 1819 850 1854 los
863 1818 1023 1865 jurados
1041 1819 1090 1855 de
1114 1819 1358 1866 Caragoza...
1378 1820 1536 1856 salimos
1562 1822 1584 1856 3
1607 1820 1748 1856 recinit
1774 1822 1796 1856 ἐ

166 1876 223 1912 105
239 1876 423 1921 Ρ3(1165»;
443 1888 609 1924 cumque
625 1878 780 1913 aliunde
804 1883 958 1914 constet
975 1878 1100 1915 socios
1119 1879 1158 1914 in
1176 1881 1313 1915 urbem
1331 1879 1495 1915 rediisse
1512 1890 1536 1925 9
1553 1879 1798 1927 Septembris

166 1934 272 1978 (vide
289 1946 418 1982 supra,
437 1947 531 1982 pag.
554 1935 638 1980 852,
655 1935 755 1982 865),
774 1936 1022 1984 perspicuum
1039 1942 1101 1973 est
1118 1937 1325 1985 epistolam
1343 1939 1442 1974 hanc
1460 1937 1598 1974 eodem
1622 1937 1685 1974 die
1702 1937 1796 1974 fuis-

166 2005 210 2030 se
229 1999 441 2039 exaratam;
460 2006 505 2030 36
528 1985 688 2042 proinde
711 2001 802 2032 ante
827 1996 942 2043 epist.
964 1995 1056 2032 1030
1078 1996 1356 2044 reponendam,
1376 2002 1443 2033 aut
1459 2009 1548 2033 cum
1568 1997 1683 2045 epist.
1705 1996 1800 2033 1033

166 2052 292 2089 Patris
314 2053 478 2100 Roman,
501 2065 600 2101 quae
626 2053 675 2090 de
698 2053 835 2090 eodem
864 2055 992 2101 agitur
1022 2061 1266 2102 argumento,
1298 2056 1610 2103 conjungendam
1636 2067 1795 2093 esse.—

165 2112 373 2148 Caeterum
403 2112 452 2148 de
482 2113 648 2149 Isabella
678 2114 863 2161 Agusfin,
887 2114 1157 2162 episcoporum
1182 2115 1290 2152 Petri
1315 2120 1432 2163 atque
1457 2116 1618 2151 Antonii
1643 2127 1796 2161 sorore,

164 2170 256 2206 alibi
275 2172 511 2207 mentionem
527 2171 706 2217 fecimus,
730 2173 864 2221 Epist.
893 2173 1059 2216 Mixtae,
1086 2179 1114 2210 t.
1139 2184 1183 2220 11,
1206 2186 1296 2222 pag.
1317 2174 1399 2220 583.
1426 2175 1520 2210 Eam
1546 2186 1660 2221 porro
1678 2174 1796 2211 tradi-

163 2234 242 2265 tam
255 2229 378 2266 fuisse
395 2230 435 2266 in
453 2230 739 2267 matrimonium
757 2231 1002 2268 Ferdinando
1019 2233 1070 2276 11,
1089 2232 1291 2269 Cardonae
1305 2233 1410 2280 duci,
1426 2233 1572 2269 ibidem
1592 2233 1798 2269 annotavi-

165 2300 264 2325 mus:
283 2290 371 2325 heic
387 2294 518 2325 autem
535 2290 689 2326 ducissa
705 2290 755 2327 de
773 2291 950 2328 Cardona
974 2293 1190 2338 appellatur
1207 2304 1256 2328 ex
1281 2293 1432 2337 marito,
1455 2293 1535 2339 jam
1560 2292 1711 2339 pridem
1728 2291 1796 2327 de-

162 2354 326 2393 mortuo,
345 2348 496 2384 scilicet
515 2349 772 2399 1543‚.Epist.
795 2350 960 2393 Mixtae,
986 2356 1015 2386 t.
1042 2361 1070 2397 1,
1089 2363 1181 2398 pag.
1214 2352 1295 2396 1603
1321 2352 1389 2400 qui
1412 2352 1570 2400 quidem
1595 2363 1645 2387 ex
1668 2351 1793 2398 prima

165 2417 298 2454 uxore,
321 2407 526 2443 Francisca
550 2409 765 2456 Maurique,
793 2408 874 2445 filia
901 2409 1043 2446 ducum
1072 2410 1122 2446 de
1146 2410 1300 2457 Najera,
1331 2413 1482 2459 prolem
1506 2410 1694 2458 suscepit,
1721 2422 1792 2458 per

161 2478 277 2513 quam
306 2466 535 2513 optimatum
568 2466 769 2504 Cardonae
799 2469 921 2504 series
951 2475 1162 2516 propagata
1196 2476 1271 2507 est.
1307 2471 1437 2518 Epist.
1474 2470 1638 2512 Mixtae,
1674 2475 1703 2505 t.
1735 2478 1795 2513 lv,

163 2536 253 2572 pag.
273 2533 356 2571 579,
374 2530 506 2561 annot.
528 2535 560 2561 1.
579 2526 680 2562 Vide
697 2526 895 2563 SALAZAR
919 2537 947 2564 Y
973 2528 1161 2574 CASTRO,
1182 2530 1366 2566 Historia
1388 2530 1654 2578 genealogica
1680 2530 1727 2565 de
1754 2529 1796 2563 la

168 2584 273 2620 Casa
289 2586 336 2621 de
358 2585 479 2627 Lara,
499 2590 528 2620 t.
548 2594 591 2632 11,
609 2597 703 2632 pag.
730 2595 811 2633 147,
831 2587 911 2632 148.

238 2646 248 2665 ¹
298 2643 470 2680 Didacus
487 2644 664 2680 Hurtado
681 2644 731 2681 de
749 2645 950 2682 Mendoza.

235 2704 249 2724 Ξ
300 2702 413 2738 Arias
431 2702 612 2750 Gallego,
630 2704 836 2751 episcopus
858 2705 1130 2751 gerundensis.

235 2762 250 2782 ³
298 2761 597 2798 Barcinonensis
619 2764 857 2809 gubernator
880 2769 973 2800 tunc
997 2770 1080 2800 erat
1102 2766 1243 2802 Petrus
1267 2766 1316 2803 de
1340 2766 1533 2804 Cardona.
1558 2767 1670 2813 Quae
1697 2777 1794 2802 vero

163 2820 250 2856 heic
268 2821 318 2856 ab
335 2820 518 2868 episcopo
534 2822 688 2858 oscensi
705 2822 966 2870 attinguntur,
992 2823 1116 2860 videri
1142 2830 1306 2872 possunt
1328 2826 1430 2873 apud
1453 2825 1672 2870 POLANCQ
1694 2831 1727 2861 t.
1750 2833 1793 2870 v,

162 2890 257 2926 pag.
278 2877 449 2925 384-386,
467 2892 506 2916 n.
530 2879 747 2927 1039—1045,
765 2881 833 2917 ubi
849 2881 899 2917 de
917 2883 1034 2918 rebus
1051 2884 1400 2921 barcinonensibus
1418 2884 1463 2919 fit
1479 2895 1622 2920 sermo.
1642 2884 1702 2919 Ex
1715 2895 1795 2931 quo

161 2938 259 2974 haec
275 2943 425 2974 tantum
443 2938 610 2975 sufficiat
626 2951 851 2987 excerpere:
872 2941 1123 2978 «Adversarii
1140 2943 1297 2991 quidem
1314 2943 1519 2990 parochiae
1537 2942 1600 2979 del
1627 2942 1726 2978 Pino
1753 2949 1794 2978 et

163 2995 396 3034 Carmentae
419 3009 521 3035 nova
544 3010 649 3035 arma
671 2999 721 3035 ad
740 3000 813 3036 hoc
835 3000 1056 3037 aedificium
1080 3001 1284 3050 [templum
1308 3002 1459 3039 scilicet
1481 3002 1585 3050 quod
1615 3002 1794 3039 Societas

162 3055 416 3104 moliebatur]
444 3058 746 3106 oppugnandum
776 3070 799 3095 a
828 3059 930 3096 Sede
960 3060 1186 3108 Apostolica
1214 3064 1422 3109 curabant,
1449 3067 1489 3098 et
1515 3062 1582 3098 ubi
1611 3061 1790 3098 constitit
