2034 3476
754 300 802 337 30
828 302 939 348 JULn
968 310 1059 348 1554
1612 313 1680 350 275

82 402 162 445 col
188 409 344 446 nostro
373 387 537 456 Padre,
568 417 643 446 ma
672 418 746 449 me
774 403 998 448 ritrouarc')
1027 404 1397 449 sodisfattissimo
1430 406 1487 450 de
1510 406 1538 449 l’
1572 407 1732 451 ultima

86 479 365 524 resolutione
386 480 447 522 mi
468 480 578 525 dara
598 482 656 525 V.
684 483 739 526 R.
765 482 838 526 col
859 483 914 526 P.
935 484 983 527 M
990 481 1026 526 ,⁰
1044 483 1311 538 Pollancho,
1331 490 1377 527 et
1395 498 1422 527 a
1438 483 1547 527 tutti
1563 484 1732 527 humil-

86 562 242 599 mente
263 555 326 599 mi
349 558 638 611 racomando,
664 558 787 615 quali
806 559 836 602 l’
861 566 1020 604 eterno
1042 574 1212 617 segnor
1233 560 1470 618 augmenti
1492 576 1671 618 sempre
1686 561 1734 605 in

84 646 175 676 suo
197 640 328 677 santo
350 633 559 688 seruitio,
584 650 664 692 per
689 636 719 678 l'
750 635 969 680 illutratio
997 637 1072 681 del
1098 651 1183 680 suo
1205 637 1463 682 santissimo
1485 652 1636 682 nome.
1662 639 1735 682 Da

90 710 252 767 Napoli
282 711 325 756 el
352 711 399 755 di
431 724 487 769 29
514 713 571 757 de
598 713 788 770 Giuglio
826 724 954 769 1554.
985 715 1043 758 D.
1077 715 1135 759 V.
1167 716 1222 759 R.
1259 714 1446 758 minimo
1474 714 1521 758 in
1548 715 1734 759 Christo

91 787 219 845 figlio
240 795 286 833 et
307 803 459 842 seruo,

986 869 1253 913 GERONmo
1286 870 1492 914 V1GNEs.

179 944 440 1000 Inscripiio:
457 944 486 1002 †
509 945 569 988 Al
592 945 732 989 molto
748 946 863 989 Rdo.
884 952 931 989 et
953 945 1000 988 in
1022 947 1109 990 Χ.ο
1135 947 1282 990 Padre
1310 946 1730 1000 osservandissimo‚

88 1019 122 1063 il
145 1022 198 1064 Ρ.
225 1022 272 1065 M
280 1020 314 1064 ,⁰
338 1022 525 1066 Andrea
545 1023 592 1065 d’
618 1021 814 1076 Obiedo,
839 1023 897 1068 de
917 1023 962 1066 13
985 1022 1270 1080 Compagnia
1292 1023 1366 1068 del
1386 1024 1533 1077 Gessi,
1552 1031 1640 1068 etc.

857 1260 967 1304 841

578 1362 866 1398 ANDREAs
903 1363 981 1398 DE
1019 1361 1255 1400 OVIEDO

400 1446 612 1489 PATRI
659 1446 970 1489 IGNATIO
1003 1446 1093 1489 DE
1141 1446 1432 1494 LOYOLA

664 1548 819 1576 TIBURE
839 1537 886 1574 30
902 1547 1005 1583 JUL11
1026 1547 1117 1585 1554
1139 1541 1164 1574 ¹.

90 1624 286 1671 Accurata
303 1634 433 1659 rerum
449 1628 651 1669 gestarum
667 1622 815 1658 Tibure
839 1621 1130 1660 narratio.-—‘Ut
1146 1622 1275 1659 cessio
1299 1621 1437 1670 templi
1461 1622 1535 1658 Sti.
1562 1622 1738 1658 Salvato-

162 1683 230 1730 ris,
249 1684 298 1719 ab
316 1682 498 1730 episcopo
522 1688 563 1718 et
587 1683 755 1729 parocho
782 1682 971 1718 Societati
997 1681 1111 1727 facta,
1141 1683 1290 1718 Romae
1315 1694 1338 1718 a
1364 1682 1550 1730 pontifice
1569 1682 1739 1718 maximo

164 1742 430 1787 confirmetur,
450 1742 641 1789 exposcit.

902 1826 924 1860 †

874 1864 960 1906 Ihs.

185 1959 297 2014 Muy
319 1958 434 2001 Rdo.
462 1957 610 2002 Padre
626 1964 814 2002 nuestro
830 1972 888 2001 en
905 1958 948 2000 el
965 1958 1127 2002 Sefior.
1149 1956 1309 2000 Gratia
1326 1963 1372 2001 et
1389 1971 1476 2013 pax
1494 1956 1599 2013 Xpi.
1612 1990 1622 2010 ‚
1648 1963 1737 2000 etc.

96 2037 161 2080 M.
182 2020 563 2094 Joan'Dominico
594 2034 652 2079 de
680 2033 863 2078 Ciaccia
883 2035 918 2089 ²,
946 2033 1148 2079 tiniendo
1176 2047 1235 2076 en
1257 2033 1406 2077 Tivoli
1429 2040 1522 2078 tres
1542 2033 1742 2091 yglesias

98 2111 419 2170 parrochiales,
442 2112 487 2154 la
507 2126 598 2154 vna
619 2111 676 2156 de
698 2118 801 2155 sant
823 2112 1125 2165 Panthaleon‚
1150 2111 1239 2167 yla
1260 2117 1360 2154 otra
1381 2111 1439 2155 de
1455 2118 1558 2154 sant
1579 2111 1741 2156 Salva-

93 2191 195 2243 dor,
220 2203 250 2246 y
270 2189 315 2232 13
337 2196 436 2232 otta
463 2189 520 2233 de
548 2195 679 2232 santa
701 2190 844 2233 Maria
864 2189 922 2233 de
945 2191 1101 2232 Monte
1124 2186 1349 2241 Arsiccio,
1379 2203 1408 2245 y
1436 2189 1565 2232 dezia
1587 2202 1676 2244 que
1698 2189 1743 2231 la

93 2268 155 2311 de
184 2273 286 2310 sant
317 2266 600 2310 Panthaleon
632 2281 662 2322 y
690 2266 748 2310 de
776 2272 879 2309 sant
910 2266 1131 2311 Salvador
1158 2279 1268 2308 eran
1304 2265 1483 2320 vnidas,
1517 2280 1547 2321 y
1579 2280 1668 2322 que
1700 2265 1742 2309 el

98 2343 318 2400 prinoipal
345 2342 538 2398 servicio
565 2357 642 2387 era
669 2358 727 2388 en
759 2349 861 2387 sant
894 2342 1196 2395 Panthaleon,
1232 2356 1414 2398 avnque
1444 2342 1502 2385 de
1534 2343 1577 2386 la
1609 2342 1743 2386 dicha

95 2420 237 2464 vnis'm
260 2422 302 2464 el
324 2435 384 2464 no
407 2423 528 2463 tenia
550 2421 690 2473 bulla,
716 2420 763 2463 ni
784 2421 911 2463 sabia
939 2420 981 2464 el
1010 2418 1178 2475 tiempo
1200 2433 1259 2462 en
1281 2433 1371 2475 que
1391 2434 1443 2464 se
1463 2419 1584 2474 hizo,
1609 2434 1638 2475 y
1661 2434 1741 2476 pa-

97 2498 334 2553 resciendo
357 2502 383 2540 a
405 2503 528 2541 otros
551 2511 641 2553 que
661 2511 720 2540 no
750 2497 910 2542 fuesen
931 2495 1109 2549 vnidas,
1134 2510 1243 2552 pero
1271 2496 1314 2539 el
1336 2499 1457 2540 tenia
1479 2510 1568 2552 que
1590 2499 1645 2549 si,
1671 2495 1735 2538 di-

98 2575 261 2620 ziendo
283 2589 373 2631 que
395 2578 497 2619 avia
518 2578 614 2618 mas
637 2575 693 2618 de
709 2580 878 2631 veynte
900 2580 1014 2618 afros
1036 2587 1125 2630 que
1146 2573 1213 2616 las
1236 2577 1374 2617 tenia:
1399 2589 1429 2630 y
1446 2580 1546 2617 otro
1568 2577 1595 2617 ὁ
1619 2579 1742 2616 otros

96 2652 185 2695 dos
206 2666 493 2697 successores
510 2655 612 2696 avia
628 2666 687 2708 yo
704 2651 839 2708 oydo,
861 2665 950 2707 que
973 2649 1173 2694 tambien
1194 2650 1260 2694 las
1281 2653 1414 2694 avian
1433 2650 1587 2695 tenido
1609 2664 1741 2693 como

98 2728 277 2781 vnidas,
311 2744 342 2785 y
368 2729 726 2772 demandandole
756 2729 800 2773 el
830 2727 991 2785 obispo
1025 2728 1083 2772 de
1115 2726 1264 2771 Tivoli
1290 2727 1329 2771 si
1357 2742 1467 2772 eran
1494 2727 1655 2771 vnidas
1686 2727 1743 2770 ad

98 2812 296 2862 tempus,
321 2805 426 2849 dixo
449 2819 538 2861 que
559 2806 617 2849 ad
639 2806 837 2862 tempusss
868 2806 937 2848 En
959 2805 1023 2847 fin
1045 2819 1104 2849 en
1125 2810 1224 2847 esto
1246 2819 1306 2848 no
1335 2818 1384 2848 se
1404 2805 1525 2848 hallo
1547 2818 1669 2857 cosa,
1695 2803 1741 2846 ni

173 2998 184 3018 ¹
235 2996 294 3031 Ex
307 2996 546 3043 autographo
564 2994 604 3030 in
622 2996 701 3031 vol.
722 2995 768 3042 E,
786 2995 933 3043 duplici
951 2994 1045 3031 folio
1070 2993 1302 3038 (secundum
1328 3005 1408 3032 non
1432 3001 1494 3031 est
1512 2994 1739 3042 integrum),

100 3067 140 3091 n.
163 3063 243 3100 111,
263 3065 370 3102 pr1us
389 3063 471 3101 229.

172 3116 187 3136 ²
238 3113 338 3150 Vide
357 3114 472 3161 epist.
491 3113 712 3161 superiores
730 3112 812 3158 835,
834 3111 918 3158 836,
937 3111 1019 3148 838.
