2060 3450
815 257 861 284 22
886 248 1041 284 Man-m
1069 255 1159 292 1555
1384 267 1392 278 ·
1696 243 1767 290 569

179 357 336 396 mente
354 365 441 395 con
464 356 581 394 tutta
597 351 638 394 la
655 364 739 394 sua
754 357 878 394 corte
903 351 933 392 ¹.
958 349 994 392 Il
1014 347 1242 392 cardinale
1260 361 1403 404 penso
1425 347 1511 390 che
1526 360 1584 390 ne
1605 349 1813 391 retenera

178 428 261 484 qui
282 428 345 471 fin
365 442 393 471 a
412 441 599 484 pasqua:
626 428 808 482 quando
830 426 894 484 gli
916 426 1140 469 domando
1160 423 1334 467 licenza
1354 438 1435 480 per
1463 424 1618 466 andar'
1643 439 1671 467 a
1692 425 1804 467 Bru-

180 505 353 562 gnuola
374 505 407 557 ²,
432 519 524 547 non
546 503 608 546 mi
630 503 858 561 risponde,
883 518 933 547 se
953 516 1044 546 non
1065 502 1268 558 parlamo
1295 501 1475 544 d’altro.
1499 501 1536 543 Il
1563 499 1809 544 medesimo

183 580 344 637 giorno
369 583 455 625 che
477 581 764 633 arriuammo,
790 579 966 623 chiamo
987 578 1018 621 il
1038 593 1122 622 suo
1143 578 1408 634 vecelegato
1431 578 1445 598 ³
1468 577 1514 619 d'
1538 576 1805 634 Auignone,

174 665 228 701 et
256 657 286 700 il
306 657 493 710 vicario,
523 664 570 701 et
596 657 660 714 gli
687 671 952 709 commesse,
983 657 1068 700 che
1095 655 1157 698 mi
1183 669 1443 699 menassero
1470 654 1528 697 ad
1558 653 1671 697 udir'
1703 655 1809 697 tutti

181 733 212 777 li
234 734 503 791 predicatori
529 735 573 777 d’
606 733 871 791 Auignone,
902 733 947 775 d’
979 747 1071 776 uno
1099 732 1158 775 ad
1184 746 1293 784 uno,
1317 738 1364 774 et
1385 730 1459 774 alli
1480 716 1738 787 m‘onasterij
1763 731 1808 773 di

180 812 346 855 donne:
371 819 417 856 et
438 825 688 855 commesse
710 811 753 854 al
775 810 941 854 vicario
963 816 1009 854 et
1037 824 1064 852 a
1091 825 1178 862 me,
1203 811 1288 852 che
1309 807 1633 853 attendessimo
1653 808 1711 851 ad
1732 822 1794 851 or—

178 887 322 931 dinar’
341 888 373 931 li
389 887 640 932 confessori
657 888 701 930 d'
722 886 986 944 Auignone3
1005 893 1052 930 et
1067 886 1162 929 cosi
1178 886 1439 930 attendemo
1455 891 1626 940 quanto
1642 884 1681 928 si
1697 886 1804 941 puo,

173 966 345 1021 perche
365 966 525 1009 adesso
546 966 587 1008 c’
618 966 644 1008 e
672 964 847 1021 grande
874 977 1093 1007 concorso
1120 963 1178 1007 de
1203 961 1494 1014 confessioni,
1518 976 1599 1018 per
1620 960 1808 1018 rispetto

177 1042 282 1095 dell’
306 1041 650 1085 annuntiatione
666 1042 784 1084 della
802 1041 1048 1094 Madonna,
1067 1046 1113 1083 et
1130 1053 1208 1096 per
1229 1038 1566 1096 l’indulgentie,
1585 1040 1670 1083 che
1691 1053 1807 1082 sono

177 1134 205 1162 a
236 1126 389 1162 nostra
419 1119 571 1162 donna
601 1117 647 1161 di
678 1120 806 1162 Dons
836 1117 869 1160 ⁴:
905 1117 1081 1162 benche
1103 1123 1222 1159 tutta
1247 1116 1292 1159 la
1319 1115 1573 1171 quaresima
1600 1129 1653 1158 ce
1680 1115 1808 1160 siano

178 1195 477 1251 grandissime
498 1194 796 1251 indulgentie,
821 1209 950 1239 come
972 1209 998 1238 a
1020 1196 1177 1238 Roma.
1203 1194 1238 1237 Il
1258 1193 1456 1237 secondo
1476 1192 1542 1245 di,
1563 1192 1594 1235 il
1620 1192 1804 1245 vicario,

177 1274 250 1315 ch’
274 1273 299 1316 ὲ
320 1273 448 1316 dotto
468 1274 653 1326 huomo,
678 1271 887 1315 m'inuito
902 1273 986 1314 che
1003 1272 1193 1314 andasse
1208 1285 1235 1314 a
1250 1271 1428 1313 desnar'
1448 1283 1536 1313 con
1557 1269 1637 1322 lui,
1662 1276 1708 1314 et
1725 1284 1808 1313 an-

177 1348 356 1392 dammo
376 1349 434 1392 ad
456 1348 570 1391 udir’
595 1348 642 1391 in
663 1349 768 1404 quel
789 1347 952 1404 giorno
972 1347 1003 1390 il
1022 1346 1101 1403 piu
1122 1347 1296 1390 famoso
1323 1346 1592 1403 predicator'
1622 1346 1807 1389 dell’or-

176 1425 282 1468 dine
302 1425 348 1468 di
369 1432 501 1468 santo
523 1424 768 1482 Agostino,
794 1427 878 1468 che
905 1424 1087 1480 predica
1116 1423 1162 1466 in
1190 1430 1321 1467 santo
1344 1423 1515 1477 Pietro,
1539 1429 1585 1466 et
1606 1423 1632 1466 e
1653 1422 1806 1466 bonis-

167 1501 290 1545 simo
311 1501 570 1546 christiano.
597 1503 813 1551 Anchora
840 1501 903 1544 lui
925 1500 1122 1553 l'inuito,
1148 1508 1194 1544 et
1214 1501 1309 1544 cosi
1335 1501 1599 1543 desnammo
1620 1499 1809 1544 insieme

135 1578 298 1633 *fftutti‚
323 1586 368 1622 et
389 1580 584 1623 hauemo
614 1585 772 1623 tenute
798 1578 980 1635 dispute
1006 1593 1034 1621 a
1060 1578 1227 1621 tauola.
1259 1578 1317 1620 Et
1345 1577 1483 1633 dopo,
1507 1576 1554 1619 in
1574 1576 1806 1633 parlando,

172 1804 277 1851 poris
294 1805 523 1840 Procurator
541 1810 624 1840 erat
637 1804 776 1841 domus
790 1806 1049 1845 Romanae...;
1065 1813 1106 1840 et
1119 1804 1156 1840 ei
1170 1804 1298 1840 socius
1312 1803 1518 1850 adjunctus
1532 1809 1595 1839 est
1607 1802 1728 1839 frater
1742 1814 1808 1838 no-

171 1869 253 1899 ster
270 1864 398 1910 Julius
417 1863 644 1902 Onofrius».
668 1864 796 1900 Etiam
815 1864 1060 1900 Avenionem
1078 1864 1170 1900 ituri
1187 1869 1312 1910 erant,
1328 1868 1394 1899 «ut
1411 1874 1474 1899 res
1488 1863 1740 1910 disponerent
1758 1862 1807 1897 ad

162 1922 394 1969 collegium,
412 1923 517 1971 quod
534 1923 589 1959 ibi
607 1923 824 1960 Cardinalis
843 1923 1052 1959 Farnesius
1066 1923 1249 1959 inchoare
1263 1923 1464 1958 volebat».
1484 1922 1565 1958 Iter
1579 1932 1687 1967 ver0,
1702 1922 1806 1968 quod

171 1981 268 2018 socii
286 1981 326 2018 in
344 1982 511 2018 Galliam
528 1994 618 2018 cum
642 1983 840 2028 Farnesio,
865 1982 1039 2029 principe
1063 1987 1288 2030 purpuram,
1313 1981 1582 2026 confecerunt,
1601 1982 1806 2017 enucleate

171 2040 361 2078 describit
378 2042 453 2077 alio
466 2042 506 2077 in
524 2043 609 2078 loco
627 2041 803 2088 ejusdem
822 2041 1032 2078 voluminis
1046 2042 1264 2086 POLANCO,
1283 2052 1372 2088 pag.
1392 2040 1564 2087 349-358‚
1578 2053 1617 2076 n.
1632 2040 1804 2086 943-968,

170 2099 368 2136 disserens
386 2101 447 2136 De
463 2102 651 2137 missione
670 2102 722 2137 P.
748 2102 888 2137 Pontii
908 2101 1141 2149 Cogordani
1158 2103 1195 2137 et
1209 2101 1357 2148 primis
1374 2101 1507 2136 initiis
1527 2099 1700 2148 Collegii
1717 2112 1807 2135 ave-

170 2160 392 2196 nionensis.
415 2161 543 2206 Quam
561 2172 643 2197 rem
661 2160 861 2207 attingunt
878 2160 995 2196 etiam
1010 2159 1263 2206 ORLANmNI,
1289 2160 1397 2196 Hist.
1426 2160 1511 2196 Soc.
1531 2159 1632 2206 Jes.‚
1660 2164 1758 2206 part.
1778 2169 1805 2204 1,

171 2218 242 2254 lib.
267 2228 336 2260 xv,
356 2231 395 2254 n.
411 2219 472 2264 643
493 2220 623 2266 PRAT‚
644 2219 854 2256 Memoires
866 2223 976 2267 pour
992 2220 1123 2255 servir
1139 2220 1166 2255 ἀ
1183 2219 1211 2254 l’
1238 2219 1402 2255 histoire
1420 2220 1475 2254 du
1500 2219 1603 2254 Pe're
1621 2219 1744 2254 Broet
1770 2221 1807 2254 et

169 2278 236 2313 des
263 2279 443 2326 origines
471 2280 519 2314 de
549 2279 591 2314 la
630 2279 880 2328 Compag-nie
909 2281 956 2315 de
983 2279 1104 2325 stus
1137 2290 1186 2314 en
1219 2279 1395 2320 France,
1429 2283 1528 2326 part.
1562 2287 1625 2322 111,
1661 2278 1729 2313 liv.
1762 2286 1804 2321 11,

171 2348 265 2383 pag.
287 2335 463 2383 337-339.

242 2397 254 2418 ¹
304 2395 403 2432 Cum
420 2397 571 2433 Tolone
588 2397 799 2433 Massiliam
814 2397 1052 2443 trajicerent,
1069 2396 1205 2432 ultimo
1219 2396 1283 2432 die
1301 2396 1579 2443 navigationis,
1599 2396 1802 2431 morbus...

169 2459 250 2490 tam
265 2455 439 2500 graviter
457 2456 500 2491 P.
526 2457 708 2492 Pontium
735 2456 954 2503 opprimere
974 2455 1119 2503 coepit,
1146 2461 1190 2491 ut
1207 2456 1415 2492 affirmaret
1440 2455 1614 2491 medicus
1640 2459 1802 2489 mortem

170 2513 247 2561 ipsi
274 2514 492 2560 imminere,
509 2515 543 2551 si
573 2515 773 2561 navigatio
798 2515 944 2551 diutius
968 2515 1188 2551 durasset».
1219 2515 1431 2557 PoLANCQ
1458 2521 1489 2550 t.
1526 2523 1564 2560 v,
1595 2525 1684 2560 pag.
1716 2512 1802 2558 350,

171 2584 215 2609 n.
252 2574 338 2618 946.
375 2574 590 2610 «Postridie
620 2587 736 2622 quam
763 2575 1010 2622 pervenisset
1022 2603 1031 2620 ,
1062 2573 1280 2610 cardinalis
1315 2574 1568 2610 Farnesius...
1600 2572 1802 2619 [Massilia]

172 2631 416 2668 Avenionem
446 2633 642 2680 profectus
667 2639 791 2678 est...,
823 2645 917 2668 suae
947 2632 1085 2668 domus
1111 2633 1310 2680 praefecto
1339 2644 1384 2668 ac
1411 2632 1577 2678 medico,
1603 2637 1645 2667 ut
1669 2643 1802 2667 curam

171 2689 215 2725 P.
234 2690 362 2726 Pontii
380 2692 583 2739 haberent,
602 2692 896 2735 commendans3
915 2703 992 2739 quo
1006 2691 1086 2738 jam
1105 2693 1421 2737 convalescente,
1447 2690 1650 2738 pecuniam
1675 2689 1803 2725 eidem

169 2749 339 2796 reliquit,
359 2755 402 2786 ut
420 2751 606 2797 paulatim
624 2757 665 2787 et
681 2751 885 2787 commode
904 2751 1149 2787 Avenionem
1163 2752 1355 2787 veniret».
1371 2751 1589 2794 POLANCO,
1608 2750 1636 2785 l.
1655 2761 1692 2786 c.

237 2811 251 2830 ⁵
301 2807 540 2855 Oppidulum
559 2810 712 2847 Galliae
731 2811 771 2846 in
794 2809 1017 2856 Provincia,
1041 2821 1163 2858 prope
1186 2811 1291 2858 quod
1313 2809 1649 2846 benedictinarum
1673 2819 1805 2844 mona-

163 2867 331 2903 sterium
353 2867 560 2904 Cellarum
585 2875 682 2915 erat,
707 2869 755 2905 ad
780 2869 892 2916 cujus
916 2868 1159 2916 disciplinam
1183 2868 1523 2915 redintegrandam
1548 2867 1805 2914 Cogordanus

171 2926 415 2963 mittebatur.
440 2927 541 2963 Vide
559 2928 778 2973 POLANCO,
797 2934 826 2964 t.
846 2937 888 2972 v,
908 2940 996 2975 pag.
1016 2938 1054 2975 9,
1073 2941 1116 2965 n.
1139 2939 1177 2976 9,
1195 2934 1327 2965 annot.
1349 2938 1385 2964 2.

240 2987 254 3007 ³
303 2988 473 3032 Jacobus
491 2987 610 3023 Maria
628 2987 730 3031 Sala,
750 2987 982 3023 vivariensis
998 2988 1186 3033 (Viviers)
1204 2988 1428 3036 episcopus.

243 3047 259 3067 ⁴
307 3045 570 3081 Notre-Dame
587 3046 657 3082 des
676 3048 811 3082 Doms.
