2034 3476
698 261 761 298 Ἰ13
787 262 1050 300 snprmms
1078 271 1169 310 1554
1359 250 1362 253 ⁴
1641 267 1711 314 337

885 522 1007 564 858

631 621 873 670 JOANNES
898 624 1261 662 PELLETARIUS

503 707 688 750 PATRI
719 707 981 752 IGNATIO
1013 709 1096 751 DE
1127 709 1387 753 LOYOLA

570 809 781 837 FERRARxA
809 801 852 837 13
876 809 1135 838 SEPTEMBRIS
1160 810 1254 848 1554
1281 805 1311 842 ι.

128 884 293 931 Renata‚
322 883 521 920 Ferrariae
549 884 719 932 ducissa,
748 885 1032 921 haereticorum
1061 885 1257 922 erroribus
1286 886 1681 933 adhaeret.—Artes,
1708 889 1757 924 ad

198 943 471 991 decipiendum
500 943 585 990 ejus
613 943 798 989 animum,
830 956 852 979 a
881 944 1133 981 novatoribus
1161 945 1633 995 adhibitae.—Hercules,
1660 947 1755 991 dux,

196 1002 328 1039 uxoris
344 1002 597 1050 pertinaciam
614 1003 856 1050 perfringere
873 1009 1048 1040 conatur:
1067 1010 1243 1041 removet
1259 1006 1310 1041 ab
1327 1004 1432 1041 illius
1449 1005 1639 1042 famulatu
1655 1007 1757 1054 peri-

196 1063 371 1098 culosum
400 1062 626 1097 ancillarum
653 1063 1031 1108 gregem.--Renata
1066 1075 1202 1099 manus
1231 1063 1356 1100 victas
1382 1063 1516 1100 tradit.
1531 1065 1758 1101 ——Veretur

196 1120 427 1158 Pelletarius
444 1133 494 1156 ne
512 1120 563 1156 sit
579 1121 803 1157 inconstans
821 1127 861 1158 et
878 1133 1013 1169 parum
1030 1122 1183 1158 sincera
1199 1123 1295 1159 haec
1311 1124 1486 1159 Renatae
1504 1123 1682 1160 mutatio.

933 1205 955 1239 †

896 1243 981 1299 Jhs

216 1337 282 1380 La
303 1336 449 1393 gratia
469 1343 516 1380 et
536 1349 689 1380 amore
709 1336 783 1380 del
803 1336 850 1380 S.
877 1337 935 1380 N.
955 1338 999 1394 J.
1025 1337 1084 1379 X.
1111 1351 1320 1380 accresca
1340 1337 1385 1380 di
1407 1337 1623 1381 continuo
1650 1337 1756 1381 nelli

127 1413 255 1457 cuori
277 1413 434 1456 nostri.
460 1414 624 1456 Amen.
651 1414 740 1456 Per
761 1427 911 1456 essere
932 1420 1057 1457 certo
1079 1414 1163 1457 che
1180 1413 1225 1456 di
1242 1429 1331 1470 qua
1346 1428 1436 1457 non
1454 1414 1600 1471 potria
1615 1414 1755 1458 scrire

125 1491 211 1537 alla
233 1492 286 1533 P.
313 1491 370 1534 V.
396 1504 502 1533 cosa
522 1489 601 1546 piu
621 1496 767 1546 grata,
793 1491 878 1534 che
899 1489 1093 1534 auisarla
1114 1491 1189 1534 del
1210 1489 1340 1535 felice
1362 1505 1574 1535 successo
1596 1492 1681 1535 che
1711 1491 1755 1534 13

122 1567 277 1610 diuina
298 1566 604 1611 misericordia
631 1567 834 1623 deg-nase
860 1567 969 1610 dare
997 1567 1039 1610 al
1066 1567 1255 1624 negotio
1284 1566 1404 1610 circa
1425 1567 1468 1610 la
1495 1567 1754 1611 reduttione

120 1645 238 1700 della
257 1643 535 1687 nobilissima
555 1657 660 1687 casa
680 1644 736 1687 de
758 1644 963 1688 madama
986 1644 1020 1698 ²,
1040 1643 1251 1688 massime
1271 1644 1523 1688 hauendosi
1544 1658 1754 1688 conmes-

118 1736 184 1774 so,
209 1728 255 1766 et
275 1720 395 1765 circa
416 1720 448 1763 li
468 1719 595 1777 ponti
617 1722 701 1764 che
723 1719 765 1763 ci
787 1721 911 1764 dette
932 1721 975 1764 la
993 1722 1046 1764 P.
1068 1721 1125 1764 V.
1149 1721 1224 1764 nel
1239 1720 1407 1777 partire
1423 1720 1469 1763 di
1486 1722 1648 1773 Roma,
1668 1721 1750 1764 ad-

119 1798 278 1856 gionto
299 1804 614 1842 strettamente
635 1804 813 1853 questo:
834 1799 919 1841 che
935 1797 1195 1842 hauessimo
1214 1797 1255 1840 d'
1275 1797 1447 1842 aiutare
1464 1804 1634 1853 quanto
1658 1799 1754 1842 iare

120 1875 158 1919 si
179 1882 359 1932 potesse
381 1876 506 1919 detta
527 1889 645 1928 casa3
670 1875 744 1917 del
767 1876 852 1919 che
874 1875 923 1919 S.
949 1874 1084 1918 Ecc.⁵
1112 1875 1252 1917 molto
1279 1889 1330 1919 se
1351 1875 1563 1931 rallegro‚
1593 1873 1750 1918 dicen-

120 1952 212 1996 doli
234 1953 322 1996 tale
344 1951 567 1995 desiderio
589 1951 707 1996 della
730 1953 782 1994 P.
809 1952 867 1996 V.
895 1950 1092 1995 Auisaro
1106 1951 1151 1994 13
1168 1953 1220 1994 P.
1242 1952 1300 1995 V.
1320 1965 1450 1994 come
1466 1950 1497 1993 il
1514 1952 1571 1995 N.
1594 1951 1642 1995 S.
1664 1950 1751 1994 X.⁰

113 2031 227 2088 Jesu
247 2031 307 2073 ha
327 2043 580 2072 commosso
602 2029 650 2073 S.
677 2029 812 2071 Ecc.a
834 2043 859 2071 a
882 2035 1073 2072 mettere
1094 2027 1140 2070 in
1162 2027 1447 2072 essecutione
1462 2042 1555 2071 vno
1572 2027 1618 2070 di
1635 2034 1753 2072 sette

120 2106 247 2163 ponti
268 2107 353 2150 che
373 2105 480 2150 nelli
502 2104 632 2162 primi
653 2104 802 2161 giomi
823 2104 867 2148 io
889 2104 953 2161 gli
974 2105 1099 2147 dette
1120 2103 1168 2147 in
1195 2104 1352 2148 scritto
1381 2105 1413 2147 ³:
1445 2104 1542 2148 cioe
1569 2105 1626 2147 de
1658 2105 1751 2148 fare

119 2184 213 2228 che.
226 2182 430 2226 madama
451 2189 594 2226 stesse
615 2196 642 2225 ο
664 2182 707 2224 31
726 2181 912 2226 castello
934 2182 991 2224 de
1014 2182 1062 2226 S.
1089 2179 1240 2235 Eccf',
1260 2195 1288 2224 o
1305 2195 1534 2237 appresso,
1559 2182 1602 2224 31
1619 2182 1750 2236 quale

121 2267 310 2303 trouaua
331 2258 448 2302 assai
469 2258 687 2302 difficulta
707 2258 766 2302 da
786 2258 943 2315 prima.
969 2259 1014 2302 A
1035 2263 1198 2313 questo
1220 2256 1262 2300 ei
1289 2259 1348 2301 ha
1378 2258 1504 2300 datto
1525 2256 1750 2314 caggione

118 2351 180 2379 vn
202 2336 471 2380 tradimento
492 2337 576 2379 che
596 2335 628 2378 11
649 2334 813 2380 nemici
835 2335 954 2380 della
974 2341 1104 2378 santa
1126 2334 1228 2379 fede
1249 2341 1404 2378 nostra
1424 2333 1466 2377 ci
1486 2336 1638 2377 hanno
1661 2334 1748 2376 fat-

118 2419 180 2466 to,
206 2413 462 2456 mandando
483 2413 529 2456 di
549 2413 740 2457 Geneue
762 2427 824 2455 vn
845 2419 982 2455 conto
1004 2426 1032 2454 ο
1053 2413 1285 2455 marchese
1307 2411 1340 2464 ⁴,
1373 2410 1404 2453 il
1431 2412 1563 2466 quale
1586 2410 1661 2467 gia
1688 2412 1749 2454 ha

116 2490 302 2533 lasciato
322 2490 354 2532 il
376 2490 544 2547 Signor
565 2490 622 2534 da
643 2489 770 2533 molti
791 2489 857 2542 di,
883 2496 927 2534 et
950 2490 976 2532 e
992 2489 1157 2532 andato
1180 2503 1206 2532 3
1227 2495 1346 2532 stare
1362 2487 1442 2542 iui,
1462 2487 1560 2531 cioe
1582 2487 1628 2530 in
1650 2488 1744 2531 Ge—

191 2646 201 2666 ¹
251 2644 310 2679 Ex
327 2645 565 2691 autographo
583 2644 622 2679 in
640 2644 722 2679 vol.
745 2644 791 2687 E,
806 2642 953 2690 duplici
970 2642 1078 2687 folio,
1098 2654 1136 2677 n.
1155 2640 1216 2686 63,
1234 2641 1340 2688 prius
1362 2640 1444 2687 103,
1467 2649 1551 2685 104.

186 2705 200 2725 ²
250 2703 400 2738 Renata
416 2703 464 2738 de
482 2703 644 2747 France,
662 2702 817 2738 ducissa
834 2701 1035 2737 Ferrariae
1046 2727 1055 2736 .

186 2763 200 2783 ⁵
250 2762 359 2797 Haec
376 2767 526 2808 septem
539 2765 692 2809 puncta
709 2762 822 2797 affert
838 2762 1083 2807 POLANCUS,
1102 2765 1130 2795 t.
1149 2767 1206 2806 lv,
1221 2770 1315 2806 pag.
1338 2758 1462 2804 08-69,
1481 2770 1523 2792 n.
1548 2765 1626 2801 124.
1644 2756 1746 2792 Vide

112 2823 240 2858 locum
259 2826 299 2856 et
315 2832 415 2867 quae
433 2821 518 2856 loco
536 2820 789 2866 subjecimus.
818 2821 1041 2865 Praeterea,
1066 2819 1170 2855 idem
1194 2823 1343 2862 auctor,
1363 2818 1476 2863 ibid„
1501 2827 1590 2863 pag.
1616 2814 1743 2861 73-75,

113 2893 151 2917 n.
175 2878 326 2916 130·131
347 2883 517 2914 nostram
535 2879 740 2925 epistolam
759 2879 978 2926 usurpavit.

183 2941 198 2962 ⁴
249 2939 408 2974 «Sermo
425 2938 488 2973 hic
506 2949 594 2973 esse
610 2937 766 2974 videtur
782 2938 831 2974 de
849 2938 1056 2974 Francisco
1073 2938 1210 2982 Morel,
1228 2948 1344 2985 quem
1369 2935 1533 2972 Geneva
1551 2934 1741 2971 Calvinus

114 2999 221 3034 misit
250 2997 464 3034 Ferrariam
494 2998 568 3033 sub
589 2996 742 3033 initium
767 2998 978 3044 Augusti.»
1003 2999 1222 3042 POLANCO,
1249 2997 1276 3033 l.
1308 3008 1356 3037 c.‚
1382 3005 1470 3041 pag.
1495 2993 1556 3040 73,
1580 3006 1618 3029 n.
1655 2992 1740 3040 130,

112 3063 248 3094 annot.
272 3066 308 3101 2,
327 3056 395 3092 ubi
413 3057 533 3091 multa
550 3056 625 3091 huc
641 3056 857 3103 spectantia
873 3056 1160 3102 congessimus.

288 3121 481 3150 Emsromuz
499 3119 645 3156 Mxxun,
670 3127 745 3149 rou.
767 3127 817 3149 ιν.
1488 3117 1524 3144 22
