2060 3450
301 210 371 256 566
803 206 1041 242 EPJSTOLAE
1067 207 1356 254 er‘rAE—940

252 309 401 369 [as]sai
430 310 570 361 fiaco,
600 315 646 352 et
671 322 751 364 par
780 306 862 350 tira
891 322 918 351 a
947 307 1111 351 ethico.
1139 308 1387 365 Mangiano
1414 323 1548 354 carne
1578 311 1643 354 lui
1675 319 1721 356 et
1751 311 1906 356 miser.

256 386 427 430 Pietro.
455 387 631 442 Questo
652 384 837 428 intende
859 383 904 427 in
928 384 1089 428 alcune
1110 397 1302 428 cosucce
1332 385 1567 439 exteriore,
1594 389 1679 432 che
1701 395 1888 432 tocaua-

254 477 315 506 no
336 464 379 506 al
396 462 486 505 mio
505 461 668 505 officio:
690 461 841 516 quello
864 461 994 513 altro,
1014 459 1061 502 in
1078 461 1275 516 guardar
1295 461 1338 504 la
1359 469 1488 518 porta
1509 470 1556 507 et
1572 464 1638 507 far
1659 464 1690 507 il
1713 464 1894 510 tinello„

255 540 512 596 Alphonso,
538 538 758 582 Giacomo
790 543 835 581 et
864 536 1143 592 Hieronymo
1172 537 1229 580 ad
1251 538 1366 581 altro
1395 539 1480 581 che
1502 554 1528 582 a
1554 539 1681 597 leger
1703 556 1794 584 non
1814 541 1886 585 in·-

257 616 471 661 tendono.
494 615 742 668 Aluarado,
770 614 1002 658 Bernardo
1024 620 1069 658 et
1091 613 1332 658 Valeriano
1355 616 1500 660 anche
1521 615 1789 673 insegnano,
1814 633 1900 662 ma,

257 699 447 737 sentono
470 707 561 735 una
582 691 759 734 licione.
782 692 967 746 Quanto
984 705 1063 746 per
1084 690 1335 736 l’esteriore
1357 706 1491 748 posso
1507 692 1680 736 iudicar
1702 695 1775 738 del
1795 695 1889 752 spi-

258 769 360 824 rito,
385 770 410 812 e
433 783 561 825 puro,
591 767 845 819 obediente,
872 767 1060 811 ardente
1085 766 1133 810 in
1161 767 1333 811 charita
1359 775 1405 811 et
1432 769 1726 814 mortificato:
1753 785 1890 816 exce-

259 853 336 902 pto
373 848 458 890 che
482 860 595 898 uno,
627 843 700 887 chi
729 843 910 887 hauessi
939 843 971 886 li
999 843 1114 900 oggi
1139 858 1202 887 un
1225 858 1340 900 poco
1368 845 1527 901 aperti,
1559 848 1905 893 conoscerebbe
1983 852 1986 855 '

259 922 518 966 facilmente
546 923 708 965 alcune
738 921 862 972 uolte
884 919 1150 964 mouimenti
1173 921 1218 964 di
1245 922 1454 978 soperbia
1475 929 1521 967 et
1547 922 1827 979 impatientia
1847 924 1905 970 in*

260 999 395 1042 miser
419 999 571 1042 Pietro
589 1005 634 1043 et
656 998 890 1042 Giacomo:
917 1012 1009 1040 non
1030 997 1106 1055 gia
1128 1013 1213 1055 pur
1230 1000 1315 1043 che
1337 998 1642 1043 chiaramente
1663 1015 1893 1058 repugna—

260 1091 320 1118 no
344 1077 429 1118 alla
452 1075 701 1120 obedienza
723 1076 795 1132 (ne
817 1090 843 1118 a
864 1089 937 1119 me
959 1074 1077 1118 simil
1097 1089 1204 1118 cosa
1225 1075 1395 1120 directe
1423 1076 1498 1120 uel
1519 1076 1739 1121 indirecte
1761 1077 1898 1123 abbia,

260 1152 584 1208 intrauenuto),
609 1166 682 1195 ma
703 1151 750 1194 in
773 1152 834 1195 tal
856 1151 1070 1204 maniera,
1102 1153 1186 1196 che
1209 1152 1376 1205 forsan,
1403 1152 1441 1196 si
1463 1153 1626 1196 alcuno
1648 1154 1690 1197 le
1713 1160 1890 1207 tocaua‚

260 1228 297 1272 si
328 1229 652 1274 sentirebbono
682 1235 826 1285 tropo,
863 1235 908 1271 et
938 1230 1083 1273 anche
1114 1229 1410 1272 mostrariano
1447 1229 1648 1275 sentirlo.
1683 1230 1890 1284 Michael,

263 1306 501 1349 trauallato
522 1305 627 1350 delli
649 1305 751 1349 suoi
773 1305 990 1362 scrupuli3
1015 1306 1089 1349 nel
1110 1313 1231 1349 resto
1254 1313 1353 1349 tuto
1374 1307 1540 1350 buono.
1560 1307 1686 1351 Tutti
1707 1307 1745 1350 si
1766 1321 1908 1351 raco--

264 1382 578 1426 comandiamo
614 1383 701 1426 alla
737 1384 791 1426 R.
828 1384 881 1425 P.
923 1383 981 1426 V.
1019 1384 1089 1426 De
1126 1383 1320 1427 Genoua
1357 1398 1383 1426 a
1415 1394 1440 1437 7
1478 1380 1536 1428 de
1572 1386 1726 1439 Marco
1763 1395 1888 1440 1555.

260 1460 331 1502 De
353 1460 411 1503 V.
438 1460 492 1502 R.
522 1461 576 1503 Ρ.
602 1459 752 1504 sieruo
773 1459 990 1516 indegno‚

1139 1537 1368 1580 ANTONro
1400 1539 1694 1582 SOLDEmLA.

349 1613 609 1668 Inscriptio:
631 1612 660 1670 †
684 1612 774 1672 [Al]
796 1613 935 1655 molto
957 1612 1072 1656 Rdo.
1100 1613 1252 1666 Patre,
1273 1613 1408 1658 miser
1430 1614 1607 1671 Ignatio
1629 1616 1685 1658 de
1709 1615 1904 1672 Loyala„

263 1689 492 1745 preposito
515 1691 702 1746 general
723 1690 841 1733 della
863 1689 1148 1746 Compagnia
1169 1689 1246 1747 [di]
1263 1692 1390 1748 Jesfi,
1415 1690 1461 1734 in
1484 1693 1641 1735 Roma.
1824 1679 1826 1681 .

1023 1918 1147 1959 911«)

852 2014 1063 2052 PROREX
1089 2015 1318 2052 SICILIAE

643 2105 829 2148 PATRI
861 2106 1125 2150 IGNATIO
1158 2107 1241 2150 DE
1274 2108 1533 2152 LOYOLA

766 2207 969 2236 PANORMO
999 2208 1042 2235 12
1067 2209 1212 2237 MARTn
1241 2209 1329 2246 1555
1358 2203 1383 2237 ¹.

384 2287 597 2333 Ignatianis
616 2287 756 2324 litteris
774 2289 1392 2337 respondet.—Cephaludensem
1410 2291 1622 2328 dioecesim
1642 2292 1802 2338 Ignatio

711 2348 1329 2386 commendat.-Benevolentiae
1348 2350 1473 2396 signa.

1075 2444 1105 2502 †

368 2539 479 2593 Muy
516 2538 631 2581 Rdo.
673 2544 808 2582 senor
841 2540 1002 2583 Padre.
1039 2540 1104 2583 La
1145 2546 1351 2596 postrera
1389 2546 1512 2584 carta
1548 2555 1636 2597 que
1673 2548 1812 2597 tengo
1848 2541 1914 2586 de

279 2613 339 2658 V.
365 2615 437 2666 Ρ.,
463 2628 513 2657 es
533 2629 623 2658 vna
643 2624 710 2658 en'
724 2616 1121 2673 rrecomendaeion
1142 2617 1215 2660 del
1237 2616 1355 2674 trigo
1375 2631 1462 2672 que
1483 2632 1538 2660 su
1555 2616 1786 2661 sanctidad
1803 2631 1911 2674 pre—

278 2767 320 2803 ni
335 2768 549 2804 rhetorices
563 2774 603 2804 et
620 2780 785 2815 graecae
809 2769 965 2816 linguae
987 2770 1098 2806 daret
1126 2782 1320 2818 operam3u
1346 2771 1512 2819 ideoque
1538 2772 1746 2818 «magister
1768 2772 1915 2808 Petrus,

279 2826 435 2863 Canalis
453 2828 492 2863 in
507 2827 841 2864 administratione
855 2828 992 2865 domus
1007 2841 1096 2866 eum
1110 2831 1380 2866 sublevabat.»
1395 2831 1613 2877 POLANCO,
1628 2836 1656 2866 t.
1674 2839 1728 2878 lv,
1742 2842 1831 2879 pag.
1847 2830 1909 2878 43,

278 2898 317 2921 n.
336 2886 397 2921 66.
893 2898 896 2900 ’
1787 2923 1790 2925 ,

350 2945 360 2965 ¹
411 2947 470 2981 Ex
488 2946 667 2993 originali
685 2946 724 2982 in
741 2948 819 2983 vol.
840 2947 969 2994 Epist.
990 2949 1247 2996 Principum,
1267 2948 1412 2996 duplici
1430 2949 1537 2994 folio,
1557 2961 1595 2985 n.
1614 2949 1676 2996 67,
1700 2949 1806 2996 prius
1823 2948 1918 2995 234„

279 3003 318 3039 in
336 3004 496 3052 antiquo
515 3006 707 3042 tabulario
723 3006 770 3043 C.
789 3006 894 3043 XVI.
915 3018 951 3053 9,
971 3007 1077 3054 prius
1095 3006 1131 3055 3,
1150 3013 1190 3044 et
1207 3007 1325 3044 etiam
1343 3009 1388 3044 B.
1409 3017 1468 3054 24.
