2060 3450
784 275 830 302 22
855 266 1086 302 FEBRUARn
1114 273 1202 311 1555
1693 267 1763 314 553

174 366 360 421 matina,
384 368 447 411 M.
466 368 540 425 J0.
565 368 687 411 Nero
712 369 723 389 ¹
747 381 848 412 rese
868 367 901 410 il
921 366 1080 424 spirito
1101 367 1144 410 al
1171 381 1255 410 suo
1284 375 1501 412 creatore.
1534 369 1592 411 Et
1618 369 1746 426 sappi
1766 370 1810 413 la

177 445 231 488 P.
257 445 314 487 V.
341 445 441 497 che,
466 445 524 489 de
546 457 602 498 24
623 444 654 487 il
676 445 867 488 sabbato
886 443 987 488 sino
1008 459 1035 487 a
1055 443 1097 487 le
1124 456 1174 487 12
1198 444 1316 487 della
1337 444 1585 498 dominica,
1616 453 1733 491 stete
1761 446 1809 490 in

168 520 339 578 agonia
361 535 450 564 con
471 521 502 563 li
523 521 601 577 piu
628 521 820 565 mirabili
849 520 1187 565 combatimenti
1215 522 1299 564 che
1326 521 1364 564 si
1395 522 1601 578 potriano
1622 524 1803 576 vedere,

172 603 219 640 et
239 612 422 654 pareua,
447 598 547 641 anzi
570 598 687 642 assai
709 599 1015 643 chiaramente
1034 597 1268 652 vedeuasi,
1292 600 1378 641 che
1394 598 1636 655 disputaua
1658 601 1808 643 conlo

170 674 364 728 nemico,
388 682 434 720 et
455 682 586 719 staua
610 677 724 721 forte
740 677 859 720 nella
880 675 1078 728 batailla,
1098 676 1359 718 mostrando
1375 675 1508 732 segni
1525 677 1600 720 nel
1615 677 1742 720 volto
1759 685 1805 722 et

168 750 308 804 mani,
331 765 460 797 corne
481 752 521 795 ci
543 753 659 797 vede
680 767 706 795 a
733 751 996 809 disputanti.
1029 751 1225 796 L’essito
1246 767 1332 808 pur
1361 753 1409 795 fu
1438 753 1578 796 molto
1605 753 1737 806 dolce
1757 761 1804 798 et

171 827 434 883 tranquillo,
459 836 505 872 et
526 828 690 873 rimase
711 829 742 871 il
763 843 901 885 corpo
922 828 970 871 in
997 829 1085 872 tale
1113 835 1160 871 et
1181 835 1309 872 tanto
1332 829 1450 873 bella
1477 830 1643 882 forma,
1674 844 1802 874 corne

169 904 294 947 nanti
314 905 357 948 la
378 905 662 961 separatione
682 906 787 950 dell’
812 905 976 958 anima,
1001 904 1102 949 anzi
1124 905 1167 948 13
1189 904 1302 948 facia
1323 920 1491 961 pareua
1514 905 1591 962 piu
1613 907 1798 959 deuota,

166 980 212 1023 di
234 982 368 1024 modo
390 983 474 1025 che
496 982 613 1026 nella
634 982 786 1026 chiesa
813 984 922 1039 ogn’
947 995 1039 1024 uno
1066 996 1116 1026 se
1143 997 1201 1026 ne
1229 982 1588 1039 marauegliaua,
1620 990 1666 1026 et
1694 983 1799 1026 tutti

170 1056 211 1101 ci
234 1058 530 1102 edificauano.
556 1060 619 1103 So
641 1058 737 1103 dire
764 1060 850 1103 alla
880 1060 933 1102 P.
966 1059 1044 1111 V.,
1075 1060 1162 1103 che
1189 1057 1295 1101 tutti
1322 1057 1353 1100 li
1380 1058 1539 1114 nouitij
1570 1060 1734 1112 nostri,
1770 1060 1800 1102 li

170 1134 291 1192 quali
311 1136 462 1178 hanno
483 1134 602 1178 visto
624 1136 668 1178 13
689 1135 905 1191 patientia
926 1142 972 1180 et
993 1135 1114 1178 virtu
1136 1149 1218 1178 sua
1234 1136 1352 1180 nella
1368 1149 1452 1178 sua
1468 1136 1647 1179 malatia
1664 1143 1710 1180 et
1726 1137 1800 1180 nel

169 1211 312 1267 patire
332 1210 363 1253 il
385 1211 585 1255 cauterio
608 1213 678 1255 col
702 1212 813 1269 fugo
833 1213 1020 1256 ardente
1048 1212 1093 1269 (il
1121 1213 1205 1255 che
1225 1212 1407 1268 quando
1429 1211 1470 1255 ci
1499 1213 1673 1266 faceua,
1698 1227 1799 1257 esso

169 1302 385 1344 pensaua,
410 1302 539 1332 come
560 1289 771 1332 confesso
792 1288 993 1345 publice,
1018 1289 1103 1333 alla
1125 1283 1292 1332 c'orona
1313 1289 1370 1332 de
1391 1288 1520 1345 spine
1547 1290 1619 1334 del
1641 1289 1798 1346 signor

163 1371 324 1407 nostro
339 1366 451 1422 Jesu
473 1364 590 1421 X.⁰),
619 1366 831 1409 hauendo
864 1365 1000 1410 etiam
1027 1365 1146 1409 visto
1173 1367 1216 1410 la
1242 1380 1326 1409 sua
1353 1373 1516 1418 morte,
1548 1367 1634 1409 alla
1661 1367 1794 1422 quale

167 1448 337 1485 stetero
358 1441 573 1498 presenti,
605 1456 717 1485 sono
746 1442 851 1485 stati
878 1443 1016 1485 molto
1044 1442 1316 1498 spauentati‚
1342 1442 1556 1486 dicendo:
1583 1442 1631 1488 Si
1659 1443 1706 1486 in
1727 1443 1797 1486 vi-

100 1526 103 1527 ’
168 1517 252 1560 ridi
273 1519 386 1562 haec
407 1518 524 1561 fiunt
545 1519 577 1571 ¹,
603 1518 650 1561 in
671 1518 796 1562 arido
819 1518 927 1574 quid
949 1519 1048 1563 fiet?
1070 1520 1127 1562 Et
1154 1519 1192 1562 si
1214 1519 1367 1574 justus
1389 1518 1466 1562 vix
1487 1519 1739 1563 saluabitur
1759 1521 1792 1574 ³,

168 1593 333 1650 impius
354 1601 401 1638 et
420 1602 631 1651 peccator
652 1595 727 1638 vbi
749 1596 994 1652 parebunt?

257 1671 392 1716 Onde
413 1673 611 1715 c’hanno
631 1672 862 1728 proposito
882 1674 940 1718 de
961 1673 1132 1717 seruire
1154 1674 1196 1716 al
1218 1672 1386 1729 Signor
1407 1680 1563 1716 nostro
1590 1675 1648 1717 da
1667 1688 1793 1728 vero,

164 1755 214 1793 et
234 1755 354 1792 stare
369 1749 443 1793 nel
459 1763 543 1792 suo
561 1749 720 1794 timore
737 1756 783 1792 et
798 1749 1072 1803 obedientia,
1092 1750 1285 1794 essendo
1303 1749 1414 1793 certi
1430 1752 1516 1795 che
1534 1765 1593 1793 vn
1610 1751 1792 1807 giorno,

166 1823 197 1867 il
219 1825 351 1880 quale
371 1840 463 1868 non
485 1841 643 1879 sanno,
670 1841 864 1870 saranno
885 1826 932 1869 in
960 1827 1110 1883 quello
1132 1834 1251 1870 stare
1273 1828 1343 1872 del
1374 1827 1500 1870 detto
1523 1828 1692 1880 Padre,
1722 1828 1796 1872 del

162 1903 251 1946 che
272 1902 303 1944 il
324 1902 492 1959 Signor
513 1903 553 1946 ci
575 1918 633 1946 ne
655 1910 807 1960 presta
827 1903 989 1960 gratia,
1014 1905 1180 1960 perche
1202 1903 1248 1946 in
1275 1918 1385 1948 vero
1407 1904 1499 1960 egli
1520 1906 1545 1948 e
1566 1920 1628 1947 vn
1648 1912 1794 1961 punto

165 1978 305 2021 molto
325 1979 383 2023 da
404 1986 572 2024 temere
593 1981 650 2024 da
673 1979 795 2033 tutti,
821 1974 956 2025 etiam
978 1980 1140 2033 buoni,
1166 1987 1337 2036 quanto
1365 1981 1728 2037 maggiormente
1747 1983 1792 2025 di

164 2055 270 2098 mali
291 2062 336 2100 et
358 2056 611 2113 negligenti
632 2058 707 2101 nel
735 2057 890 2100 diuino
921 2056 1171 2114 seruiggio.
1203 2058 1261 2100 Et
1287 2072 1370 2114 per
1399 2057 1469 2101 cio
1498 2058 1603 2101 tutti
1632 2058 1673 2101 ci
1695 2073 1786 2102 rac-

164 2132 523 2176 eommandiatno
558 2134 698 2176 molto
726 2134 814 2178 alla
843 2135 896 2177 P.
923 2135 1001 2186 V.,
1032 2135 1116 2177 che
1144 2148 1231 2177 con
1259 2135 1301 2179 10
1331 2149 1414 2179 sue
1447 2142 1577 2179 sante
1603 2134 1794 2178 orationi

164 2207 354 2264 impetra
374 2209 448 2252 dal
469 2209 626 2266 signor
646 2217 802 2254 nostro
818 2212 930 2268 Jesu
951 2212 1038 2254 X.⁰
1060 2225 1141 2266 per
1162 2211 1270 2253 nuoi
1293 2211 1399 2254 tutti
1419 2218 1465 2254 et
1482 2211 1512 2253 li
1533 2211 1635 2255 altri
1651 2212 1792 2255 nostri

164 2283 343 2336 fratelli,
368 2286 454 2329 che
474 2285 698 2341 possiamo
729 2286 964 2332 vtilmente
991 2287 1213 2330 collocare
1239 2287 1269 2329 il
1300 2288 1440 2332 breue
1463 2295 1614 2344 tempo
1636 2294 1793 2331 nostro

164 2360 281 2403 nella
302 2367 455 2404 nostra
477 2362 730 2416 vocatione,
755 2363 966 2407 aceioehe
987 2363 1174 2408 insieme
1195 2378 1282 2407 con
1305 2365 1348 2407 13
1368 2366 1487 2408 bona
1509 2365 1600 2407 vita
1617 2364 1792 2419 sequita

162 2437 207 2479 la
229 2436 358 2482 felice
377 2445 521 2482 morte
543 2445 589 2481 et
609 2440 652 2482 la
672 2439 817 2496 gloria
838 2447 1011 2494 eterna,
1031 2441 1117 2484 alla
1137 2442 1271 2497 quale
1293 2455 1422 2485 come
1444 2441 1582 2484 buoni
1606 2450 1650 2484 et
1671 2440 1793 2484 fideli

162 2513 284 2558 serui
301 2513 544 2558 riceuiamo
565 2515 593 2558 il
617 2516 774 2560 dinaro
796 2516 959 2560 diurno
980 2524 1027 2561 et
1053 2517 1241 2573 premio,
1262 2519 1384 2574 quod
1400 2533 1486 2562 nee
1508 2519 1666 2560 oculus
1689 2518 1704 2538 ⁴
1722 2517 1784 2559 vi-

238 2645 247 2665 ¹
300 2643 366 2678 «P.
391 2644 562 2689 Joannes
586 2645 723 2692 Niger,
747 2647 904 2683 natione
928 2649 1076 2694 gallus,
1106 2647 1173 2695 qui
1203 2648 1400 2683 Perusii...
1432 2647 1601 2683 fideliter
1625 2647 1792 2683 Domino
1813 2643 1816 2646 ’

159 2701 366 2747 servierat,
386 2708 426 2738 et
443 2703 605 2738 Romam
623 2705 743 2740 studii
758 2706 886 2751 gratia
902 2707 1187 2751 revocatus,-in
1204 2707 1407 2742 adversam
1432 2704 1621 2741 inciderat
1646 2707 1794 2741 valetu-

161 2760 310 2806 dinem,
328 2767 485 2808 propter
501 2774 617 2809 quam
642 2763 682 2799 in
699 2763 867 2800 Galliam
884 2765 1143 2802 remittendus
1168 2766 1389 2811 videbatur,
1418 2771 1457 2800 et
1484 2765 1682 2800 Ferrariae
1708 2776 1793 2812 pro-

160 2824 249 2866 pter
266 2821 346 2855 vim
364 2820 619 2866 aegritudinis
637 2822 880 2868 substiterat,
906 2830 946 2860 et
970 2825 1192 2872 aliquandiu
1210 2837 1298 2861 cum
1326 2837 1371 2860 ea
1392 2826 1560 2859 luctatus
1586 2824 1726 2868 fuerat,
1754 2824 1794 2860 in

161 2877 362 2913 meliorem
381 2878 500 2913 vitam
519 2878 771 2926 migravit...»
790 2881 1009 2929 POLANCO,
1027 2883 1125 2919 ibid.

232 2939 246 2958 2
297 2937 405 2973 Luc.
427 2946 542 2984 xxm,
562 2937 625 2974 31.

233 2996 248 3016 ³
298 2996 315 3030 Ι
333 2996 460 3032 Pm-R.
481 3005 536 3041 1v,
559 2996 619 3033 18.

233 3056 247 3076 ⁴
297 3055 397 3091 IAD
417 3056 519 3092 Con.
540 3065 582 3103 11,
599 3068 634 3102 9.
