2034 3476
843 256 887 293 25
913 247 1015 291 MAJ1
1042 255 1133 294 1554
1691 260 1760 298 205

264 354 327 397 M.
348 350 579 396 Giouanni
600 352 629 404 ¹,
648 352 734 395 che
751 350 800 393 fu
817 365 842 393 a
859 351 1018 406 Roma,
1037 349 1175 407 legge
1192 349 1414 396 Cicerone
1431 359 1477 395 et
1497 351 1806 409 Dispauterio,

175 437 221 476 et
241 431 300 474 ha
321 430 474 472 buono
496 427 710 485 ingegno.
735 428 798 472 Se
818 425 1001 472 uenisse
1022 441 1188 471 ancora
1209 427 1272 470 lui
1294 443 1320 471 a
1342 430 1486 472 Roma
1513 435 1675 485 questo
1700 431 1806 475 Set-

176 507 367 559 tembro,
388 504 499 549 faria
516 505 690 562 grande
707 504 848 548 frutto
866 504 985 548 nelle
1001 504 1167 549 letter':
1184 519 1265 561 per
1280 504 1510 562 insegnar'
1530 521 1619 550 non
1637 506 1663 550 e
1681 513 1809 551 tanto

164 585 347 636 buono,
372 597 452 639 per
474 597 567 626 non
581 571 727 626 'esser’
753 588 882 625 tanto
903 581 1164 637 essemplar’
1183 596 1313 626 come
1334 581 1610 639 bisognaria3
1631 590 1676 628 et
1696 583 1727 626 il
1744 583 1809 627 si-

175 660 280 705 mile
301 662 362 704 M.
391 659 546 704 Pietro
569 659 770 703 Britone.
796 660 858 702 M.
886 657 1040 702 Pietro
1063 658 1297 703 Attriense
1314 660 1328 680 ²
1347 661 1372 703 e
1392 674 1454 703 un
1475 661 1628 704 buono
1645 660 1808 717 gioue-

175 753 249 783 ne:
274 738 413 781 molto
434 736 472 780 si
495 737 520 780 e
541 736 714 780 aiutato
734 736 852 780 nelle
873 735 1012 779 uirtsi:
1032 736 1058 779 e
1076 741 1195 779 tutto
1212 735 1385 791 diuoto,
1406 744 1451 780 et
1473 738 1584 781 hora
1601 737 1811 783 ubidien-

177 821 238 868 te,
268 821 315 858 et
343 813 454 858 faria
482 814 638 866 frutto,
664 828 714 857 se
735 815 930 857 hauesse
951 818 1102 869 tempo
1123 811 1169 855 di
1190 813 1398 868 studiar',
1424 815 1617 859 essendo
1638 814 1686 858 in
1706 815 1813 859 loco

178 891 223 934 di
238 893 382 949 poter’
402 890 537 934 udir'.
559 892 622 934 M.
644 890 813 943 Pietro,
832 889 1112 946 napolitano,
1136 892 1232 947 par’
1256 892 1414 935 hauer’
1435 906 1548 948 poca
1569 891 1813 936 attitudine

178 969 265 1014 alle
285 969 452 1013 letter’:
482 966 743 1024 bisogneria
765 967 890 1010 fusse
911 966 956 1010 in
981 981 1072 1011 uno
1094 967 1304 1024 collegio,
1330 969 1449 1013 doue
1471 970 1663 1014 hauesse
1684 983 1809 1013 com-

178 1045 317 1103 pagni
348 1046 464 1088 della
495 1045 703 1089 medema
732 1044 934 1098 lettione;
970 1044 1237 1090 altramente
1268 1059 1384 1102 poco
1407 1046 1549 1089 frutto
1579 1047 1689 1090 fara:
1715 1053 1761 1090 et
1782 1047 1810 1090 e

179 1122 384 1166 diacono.
412 1123 537 1165 Hora
558 1122 583 1165 e
607 1128 727 1164 tutto
748 1120 957 1165 rinouato
979 1128 1150 1177 quanto
1171 1121 1246 1165 alli
1268 1122 1460 1166 costumi
1475 1129 1522 1166 et
1543 1123 1808 1177 obedienza,

180 1206 226 1245 et
247 1198 285 1243 si
307 1206 437 1243 troua
458 1199 598 1242 molto
614 1199 861 1242 consolato.

269 1277 334 1320 Le
355 1290 460 1320 cose
479 1290 673 1332 passano
694 1276 826 1328 bene,
852 1274 1000 1332 gratia
1015 1276 1087 1319 del
1110 1275 1310 1332 Signor’‚
1332 1283 1378 1321 et
1399 1291 1426 1320 a
1446 1276 1810 1322 consideratione

180 1353 254 1398 del
281 1359 479 1410 passato,
516 1359 677 1408 questa
698 1366 803 1395 casa
825 1352 851 1395 e
877 1366 942 1395 un
969 1352 1218 1408 paradisso.
1250 1354 1337 1397 Del
1366 1361 1485 1397 tutto
1508 1353 1574 1397 sia
1602 1355 1755 1398 lodato
1783 1354 1815 1398 11

180 1429 390 1487 Signor’,
423 1429 555 1486 quale
583 1429 608 1472 e
629 1428 693 1472 lui
716 1430 800 1472 che
823 1428 935 1486 ogni
957 1443 1063 1472 cosa
1090 1443 1249 1486 opera,
1275 1436 1321 1474 et
1343 1430 1422 1487 pisi
1445 1431 1663 1487 operaria,
1694 1446 1744 1476 se
1766 1431 1814 1475 io

182 1507 305 1551 fusse
323 1507 446 1550 bono
467 1513 513 1550 et
535 1506 820 1550 mortificato.

267 1585 372 1627 Non
392 1583 520 1627 altro.
548 1582 677 1626 Tutti
697 1582 738 1626 ci
760 1581 1151 1626 raccomandiamo
1169 1583 1241 1626 all'
1262 1583 1454 1628 orationi
1470 1584 1516 1627 di
1534 1586 1590 1629 V.
1617 1587 1666 1628 R.
1694 1586 1745 1629 P.
1763 1593 1812 1631 et

176 1660 224 1703 di
245 1659 351 1703 tutti
372 1659 404 1702 11
425 1659 526 1703 Rdi.
555 1659 690 1703 Padri
711 1665 758 1703 et
779 1658 960 1716 frategli
977 1658 1023 1702 di
1045 1660 1175 1703 costi.
1196 1659 1255 1704 Di
1274 1661 1427 1704 Padoa
1443 1661 1518 1704 alli
1536 1674 1560 1704 2
1566 1671 1589 1716 5
1607 1661 1653 1704 di
1675 1663 1809 1720 Mag-

180 1737 258 1794 gio
287 1747 412 1792 1554.
438 1736 497 1780 Di
518 1738 576 1781 V.
602 1738 656 1780 R.
683 1738 737 1780 P.
763 1750 898 1780 seruo
920 1735 1139 1793 indegno,

977 1814 1090 1857 G10.
1127 1815 1375 1859 BATTISTA
1408 1816 1628 1860 TAUONo.

268 1891 283 1912 ⁵
307 1890 360 1934 Li
381 1889 529 1946 quatri
550 1889 799 1934 coafflutori
821 1889 1080 1947 temporali,
1114 1905 1204 1934 uno
1232 1891 1258 1934 e
1287 1892 1474 1936 Andrea
1496 1892 1630 1936 Gobo
1644 1926 1654 1946 ‚
1680 1894 1814 1949 quale

179 1968 270 2024 puo
292 1967 374 2010 far’
398 1981 526 2023 poco.
554 1968 605 2011 L'
630 1967 743 2010 altro
764 1967 790 2010 ὁ
812 1966 917 2011 Gio.
945 1966 1155 2020 Battista,
1181 1969 1268 2012 che
1285 1968 1334 2011 fu
1357 1969 1572 2012 mandato
1596 1969 1642 2012 di
1663 1971 1810 2014 Roma

180 2058 260 2102 per
281 2044 544 2100 spenditor’:
568 2045 709 2087 molto
730 2043 772 2086 01
793 2059 942 2089 seruet
968 2045 994 2087 e
1015 2044 1171 2088 buono
1192 2059 1273 2101 per
1293 2045 1403 2102 ogni
1421 2060 1542 2089 cosa.
1569 2048 1622 2090 L'
1648 2047 1763 2091 altro
1789 2047 1815 2090 e

180 2121 393 2166 Gabriele
414 2120 460 2163 di
482 2122 670 2174 Trento,
696 2122 877 2174 sartor’,
903 2121 1036 2176 quale
1057 2121 1087 2163 l'
1113 2122 1172 2164 ho
1192 2121 1381 2179 pigliato
1398 2137 1479 2179 per
1500 2138 1656 2179 proua,
1682 2130 1728 2169 et
1744 2123 1813 2167 sin

179 2200 289 2242 hora
304 2198 366 2241 mi
382 2205 610 2243 contenta.
631 2199 704 2242 Vn
722 2198 853 2251 altro,
873 2198 1098 2242 chiamato
1120 2198 1339 2252 Antonio,
1362 2200 1494 2255 quale
1512 2201 1556 2244 fa
1572 2201 1615 2243 la
1636 2200 1811 2254 cocina,

181 2281 227 2320 et
248 2275 289 2319 ci
310 2274 433 2319 aiuta
453 2274 499 2318 in
521 2275 660 2319 molte
676 2289 797 2329 cose,
817 2282 863 2320 et
879 2277 1040 2331 questo
1058 2277 1119 2319 ho
1135 2275 1324 2333 pigliato
1340 2276 1458 2320 insin
1475 2278 1518 2321 al
1535 2278 1807 2330 Settembro‚

178 2366 258 2408 per
279 2351 423 2396 uider’
446 2366 576 2396 come
596 2351 634 2395 si
656 2354 850 2408 portera:
875 2353 901 2396 e
925 2353 1065 2396 molto
1086 2352 1288 2409 simplice
1311 2360 1357 2398 et
1386 2353 1642 2399 obediente:
1667 2368 1760 2398 non
1783 2355 1809 2397 e

180 2429 319 2473 molto
339 2428 630 2482 industrioso,
655 2443 740 2485 pur
766 2429 858 2484 puo
885 2430 1069 2485 passar’.
1102 2430 1289 2485 Quanto
1320 2429 1392 2473 alli
1418 2430 1589 2487 seruitij
1619 2431 1663 2473 di
1686 2445 1806 2485 casa,

254 2579 264 2599 ¹
314 2576 389 2611 Hic
403 2576 575 2622 juvenis,
593 2575 721 2611 dictus
735 2575 853 2611 etiam
864 2575 1087 2621 Joannino‚
1098 2576 1285 2623 Joam'co,
1295 2577 1545 2624 joanninus,
1562 2583 1623 2614 est
1640 2579 1810 2624 Joannes

181 2635 334 2682 ostilio,
352 2635 401 2671 de
419 2646 495 2683 quo
517 2634 620 2671 haud
643 2636 764 2671 semel
788 2635 832 2672 fit
855 2635 1020 2671 mentio.
1049 2636 1268 2683 POLANco‚
1294 2641 1323 2672 t.
1348 2646 1404 2682 1v‚
1430 2649 1522 2684 pag.
1555 2637 1636 2683 116,
1662 2650 1700 2672 11.
1727 2646 1810 2682 224;

182 2706 273 2742 pag.
296 2702 464 2741 119-12o‚
481 2707 520 2730 n.
541 2693 716 2739 233-234.
970 2742 976 2747 .

176 2798 181 2803 .
252 2757 266 2777 ²
318 2754 425 2790 Alibi
441 2754 623 2790 scribitur
640 2754 781 2790 Petrus
798 2754 848 2790 de
868 2754 996 2790 Atrio.
1021 2754 1241 2801 PoLANCO,
1260 2759 1289 2790 t.
1309 2764 1363 2799 1v,
1380 2767 1472 2803 pag.
1497 2764 1577 2801 125,
1596 2767 1634 2790 n.
1651 2764 1733 2800 247,
1748 2767 1814 2791 an-

182 2818 263 2850 not.
283 2822 318 2858 2,
337 2813 404 2848 ubi
421 2813 470 2848 de
487 2813 619 2859 Petro,
637 2812 902 2861 neapolitano,
918 2814 1014 2849 haec
1029 2814 1225 2859 leguntur:
1244 2813 1380 2860 «jussit
1398 2814 1573 2860 Ignatius
1587 2819 1630 2850 ut
1643 2814 1814 2861 peregri·

183 2872 310 2909 nando
328 2872 538 2907 Lauretum
557 2872 778 2908 mitteretur
795 2878 835 2908 et
852 2873 943 2909 inde
960 2873 1138 2918 Romam,
1156 2873 1260 2920 quod
1285 2885 1402 2920 saepe
1426 2885 1514 2909 cum
1533 2874 1594 2919 iis,
1614 2872 1680 2920 qui
1705 2884 1726 2908 a
1744 2873 1769 2908 S
1774 2884 1813 2908 o-

182 2933 326 2970 cietate
343 2930 565 2967 dimittendi
584 2935 710 2976 erant,
727 2931 886 2968 fiebat.»

253 2993 267 3013 ⁵
317 2992 429 3037 Quae
453 2995 682 3037 sequuntur,
703 2991 847 3038 scripta
870 2997 961 3028 sunt
987 2992 1028 3028 in
1056 2993 1296 3040 autographo
1319 2992 1427 3038 folio,
1457 2991 1562 3038 prius
1590 3002 1628 3029 n.
1660 2990 1730 3026 312
1758 2990 1809 3027 si-

179 3057 314 3099 gnato,
333 3050 436 3098 quod
454 3055 542 3097 post
558 3050 761 3096 epistolam
784 3062 822 3086 n.
847 3050 891 3086 61
910 3052 1118 3098 reperitur.
