2060 3432
766 228 812 266 29
837 219 1100 256 smmms
1127 226 1216 264 Ῑ555
1687 214 1752 265 87¹.

919 491 1077 558 wizo
1187 579 1190 581 ‚

669 623 990 660 MUNICIPIUM
1015 621 1321 659 PERUSINUM

538 725 722 768 PATRI
767 724 1030 769 IGNATlo
1066 724 1150 767 DE
1196 723 1455 767 LOYOLA

634 844 812 873 PERUSIA
838 844 885 882 29
908 842 1170 873 SEPTEMBRJS
1198 842 1289 879 1555
1317 836 1348 869 ¹.

179 936 421 973 Testificatio
436 937 486 973 de
500 937 708 984 probitate,
719 912 893 973 doctrina
910 941 951 972 et
967 935 1158 982 religione
1174 934 1375 971 hominum
1392 945 1414 969 e
1431 933 1630 969 Societate
1648 933 1808 979 Jesu.——

213 996 372 1032 'Eorum
389 996 560 1032 studium
578 996 618 1032 in
635 995 874 1043 procuranda
891 994 1155 1043 proximorum
1173 995 1298 1030 salute
1316 1004 1550 1040 magnopere
1569 992 1759 1028 laudatur.

269 1092 586 1149 Cogitauimus
614 1106 749 1148 saepe
777 1090 918 1135 nos’tri
948 1089 1083 1135 officii
1111 1104 1212 1135 esse
1246 1088 1343 1141 tibi,
1371 1103 1462 1132 non
1483 1088 1617 1132 modo
1639 1087 1809 1145 gratias

180 1168 392 1226 ingentes
413 1183 566 1226 agere,
593 1183 753 1212 uerum
776 1168 927 1220 etiam,
953 1166 991 1210 si
1013 1182 1103 1223 qua
1122 1166 1170 1209 in
1192 1181 1240 1210 re
1262 1179 1498 1223 possemus
1520 1165 1703 1217 referre,
1729 1164 1807 1219 qui

179 1245 388 1302 princeps
404 1253 626 1302 autorque
643 1245 782 1290 fuisse
798 1244 960 1288 diceris
977 1242 1286 1288 constituendi
1297 1242 1569 1299 legibusque
1586 1240 1808 1285 formandi

181 1337 337 1367 eorum
364 1321 450 1367 Dei
478 1336 714 1367 seruorum
742 1320 921 1378 collegii
950 1322 1082 1379 (quos
1108 1321 1398 1377 presbyteros
1427 1319 1695 1362 reformatos
1722 1331 1806 1360 uo—

180 1399 316 1454 cant),
341 1413 549 1455 quorum,
575 1405 625 1442 ut
646 1398 798 1442 iamin
816 1398 1028 1442 uniuersa
1045 1398 1138 1442 fere
1156 1398 1336 1453 Europa
1356 1410 1532 1439 morum
1549 1393 1804 1451 integritas,

178 1482 223 1520 et
244 1475 366 1520 uitae
387 1475 682 1520 sanctimonia
703 1482 940 1532 perspecta
956 1474 1029 1528 sit„
1054 1474 1153 1518 eius
1170 1481 1321 1530 tamen
1338 1474 1423 1516 hoc
1438 1471 1568 1516 breui
1585 1478 1802 1528 tempore,

177 1566 267 1609 quo
288 1553 409 1609 apud
429 1567 512 1596 nos
535 1553 677 1608 fuere,
703 1559 770 1596 tot
791 1553 1064 1597 documenta
1084 1550 1340 1604 ediderunt,
1359 1556 1410 1593 ut
1432 1563 1580 1604 neque
1596 1547 1680 1605 ipsi
1697 1547 1806 1592 satis

177 1629 413 1686 complecti
438 1629 586 1675 uerbis
606 1629 848 1686 possimus,
873 1643 1022 1684 neque
1043 1627 1208 1684 cuique
1236 1627 1427 1671 fortasse
1454 1624 1598 1682 possit
1619 1639 1712 1668 non
1735 1623 1804 1667 ui—

177 1706 272 1755 deri
293 1706 473 1750 difficile
494 1707 551 1750 ad
572 1707 866 1759 credendum,
886 1707 995 1749 'cum
1017 1703 1249 1748 charitatis
1276 1702 1638 1757 christianaeque
1667 1700 1796 1745 disci-

175 1782 322 1840 plinae
343 1797 556 1828 numeros
575 1797 733 1827 omnes
763 1781 1059 1838 expleuerint.
1094 1779 1323 1836 Principio
1350 1778 1488 1831 enim,
1513 1792 1618 1822 cum
1641 1779 1803 1821 cohor—

175 1860 339 1904 tandae
365 1859 666 1903 multitudinis
694 1860 751 1903 ad
777 1858 990 1916 pietatem
1022 1871 1190 1901 munus
1210 1854 1564 1912 desumpserint,
1596 1868 1732 1911 saepe
1758 1853 1804 1896 in

175 1935 427 1993 augustiori
448 1937 633 1993 templo,
658 1951 792 1993 saepe
813 1936 861 1979 in
882 1950 982 1988 suo,
1007 1948 1334 1990 nonnunquam
1362 1932 1497 1977 etiam
1519 1931 1566 1974 in
1587 1930 1684 1975 aliis
1704 1932 1805 1975 Deo

175 2013 361 2056 sacratis
382 2013 570 2057 aedibus
592 2013 937 2066 concionantur,
961 2012 1227 2067 nullumque
1250 2009 1417 2067 agendi
1438 2010 1560 2066 apud
1586 2008 1803 2066 populum

173 2097 351 2152 tempus
387 2090 628 2146 lOCumque
664 2089 1076 2146 praetermittentes
1091 2121 1101 2141 ‚
1140 2101 1347 2132 sermone
1383 2093 1491 2130 sunt
1527 2085 1590 2129 ita
1626 2083 1803 2128 ardenti

174 2180 400 2222 sanaeque
420 2166 652 2210 doctrinae
673 2167 766 2211 sale
787 2165 987 2218 condito,
1007 2172 1075 2218 ut,
1096 2163 1310 2220 quoniam
1327 2178 1384 2207 ex
1400 2160 1677 2207 abundantia
1697 2173 1802 2204 cor—

174 2241 243 2286 dis
272 2256 323 2286 os
354 2244 492 2286 uerba
525 2244 717 2299 profert,
748 2242 857 2286 satis
884 2242 991 2286 inde
1019 2241 1152 2284 liceat
1187 2253 1437 2297 agnoscere
1464 2253 1564 2282 esse
1595 2236 1804 2281 homines

173 2320 272 2364 Deo
293 2319 464 2375 plenos,
489 2333 700 2375 eumque,
725 2318 803 2375 qui
823 2319 871 2362 in
892 2318 1002 2375 ipsis
1022 2317 1242 2373 loquitur,
1267 2330 1368 2361 esse
1390 2315 1638 2360 Christum.

263 2395 589 2440 Ministrandis
613 2411 722 2441 uero
758 2396 830 2439 his
867 2394 1160 2439 sacramentis
1174 2429 1184 2448 ‚
1225 2408 1342 2450 quae
1379 2394 1436 2437 ad
1478 2389 1800 2449 poenitentiam

173 2472 527 2528 fractionemque
548 2472 677 2529 panis
696 2472 942 2529 pertinent,
967 2470 1307 2526 inuitandisque
1328 2471 1386 2514 ad
1406 2467 1628 2513 eiusmodi
1644 2467 1801 2523 epulas

172 2548 430 2593 hominibus
451 2550 608 2593 sedulo
628 2549 914 2610 incumbunt,
939 2557 984 2594 et
1007 2562 1163 2593 eorum
1186 2547 1421 2604 diligentia
1441 2545 1690 2602 perfectum
1711 2550 1797 2596 est,

130 2628 132 2631 ’
173 2632 224 2669 ut
244 2640 339 2669 non
359 2625 507 2682 pauci,
526 2633 703 2683 praeter
724 2625 785 2679 id,
805 2626 927 2681 quod
948 2631 1299 2677 consueuerant,
1319 2623 1357 2668 si
1377 2623 1510 2666 modo
1531 2635 1622 2664 non
1639 2619 1800 2677 singu*

171 2702 226 2746 lis
247 2702 423 2756 diebus,
448 2701 640 2759 singulis
661 2709 784 2746 certe
805 2701 1037 2746 mensibus
1063 2700 1232 2758 pluries
1254 2698 1594 2757 participatione
1615 2693 1800 2740 coelesti

172 2780 230 2824 ad
250 2793 452 2824 mensam
474 2778 657 2822 Domini
679 2777 955 2822 reficiantur.
975 2778 1072 2822 Nec
1088 2784 1341 2834 propterea,
1362 2774 1490 2832 quasi
1506 2787 1694 2818 munere
1715 2785 1801 2815 suo

243 2965 254 2985 ¹
304 2962 363 2998 Ex
394 2960 573 3008 originali
602 2960 642 2996 in
671 2961 754 2996 vol.
790 2960 919 3008 Epist.
948 2948 1295 3003 communitatum,
1329 2956 1474 3005 duplici
1504 2955 1611 3002 folio,
1642 2966 1680 2990 n.
1716 2962 1801 2999 171,

175 3021 282 3070 prius
298 3021 362 3068 69.
