2060 3432
298 222 368 270 758
783 222 1023 257 EPISTOLAE
1047 219 1217 256 ΜΙΧΤΑΕ
1226 239 1260 246 -
1269 227 1357 255 1001

252 341 340 371 con
361 324 555 370 l'intime
574 324 736 369 viscer'
762 324 835 367 del
856 337 963 366 core
983 321 1042 366 ali
1063 321 1123 379 pij
1147 328 1193 366 et
1219 321 1337 366 santi
1363 321 1567 378 sacrificij
1598 322 1655 365 de
1677 323 1733 366 V.
1761 323 1813 366 P.
1839 329 1895 367 et·

254 404 311 448 de
334 402 441 446 tutti
464 401 616 458 quessi
639 401 740 446 Rdi.
766 401 811 444 in
834 399 916 444 X.⁰
939 399 1074 443 Padri
1103 406 1149 444 et
1176 398 1340 444 fratelli
1365 399 1438 443 del
1465 399 1681 443 continuo
1701 398 1763 442 mi
1784 413 1895 443 rac-

253 480 497 534 comando3
529 486 575 525 et
602 478 848 522 l'inmortal
876 476 1044 534 Signor
1071 475 1280 522 conserui
1307 477 1351 520 la
1379 477 1581 533 eorporal
1608 483 1654 520 et
1682 476 1897 534 spiritual.

241 558 346 607 ‚vita
368 558 425 601 de
446 558 503 601 V.
532 559 585 600 P.
611 571 690 613 per
712 554 859 612 gloria
880 554 954 597 del
975 568 1061 598 suo
1090 553 1346 598 santissimo
1374 568 1523 599 nome.
1555 556 1626 598 Da
1654 553 1816 611 Napoli
1844 554 1893 599 614

254 635 299 679 di
322 650 417 679 xxx
439 634 497 679 (16
519 633 650 678 Lulio
678 642 802 688 1555.
832 630 891 675 Di
919 633 978 676 V.
1010 633 1063 675 P.
1096 631 1207 675 Rda.
1237 630 1393 674 infimo
1421 637 1466 676 et
1497 630 1819 675 cordialissimo
1839 630 1893 676 in

253 711 340 757 X.⁰
363 711 490 769 figlio
514 717 559 754 et
581 723 731 763 seruo,
1925 697 1927 699 ¹

1136 785 1420 829 GIERONIMO
1446 786 1646 829 VIGNES.

345 865 611 922 Inscriptio:
641 863 669 922 ἦ·
699 864 759 908 ΑΙ
787 863 928 907 molto
957 862 1072 906 Rdo.
1107 869 1153 907 et
1179 862 1227 906 in
1260 861 1442 906 Christo
1471 862 1619 907 Padre
1645 873 1826 916 oss.m0,
1856 862 1893 907 il-

256 945 310 988 Ρ.
346 941 435 987 Μ.ο
467 941 644 999 Ignatio
673 942 730 986 (16
761 940 950 997 Loyola‚
981 939 1209 998 preposito
1238 940 1451 997 generale
1478 940 1580 985 dela
1606 939 1895 997 Compagnia

257 1021 329 1064 (161
345 1021 473 1078 Jest'i,
498 1026 584 1064 etc.
608 1019 650 1063 A
673 1020 831 1062 Roma.

348 1097 405 1140 In
419 1096 540 1155 folio
562 1099 792 1152 separato:
816 1096 991 1141 Percht'e
1009 1095 1054 1140 la
1075 1095 1259 1153 signora
1280 1094 1481 1140 Viatriee
1501 1095 1686 1139 Carrafa
1708 1094 1754 1138 di
1775 1108 1896 1151 que—

259 1182 329 1217 sto
352 1173 515 1218 istesso
536 1172 726 1230 negotio
749 1172 897 1217 seriue
919 1188 945 1216 a
976 1174 1034 1217 V.
1067 1174 1141 1226 Ρ.,
1172 1174 1296 1216 m'ha
1321 1186 1455 1229 parso
1482 1171 1751 1217 similmente
1780 1172 1900 1216 farlo

261 1250 436 1294 auisato
458 1252 544 1295 che
565 1250 690 1294 detta
712 1249 895 1307 signora
916 1251 942 1294 6
963 1250 1127 1294 sorella
1147 1250 1326 1295 carnale
1342 1248 1388 1292 di
1404 1263 1487 1293 sua
1502 1248 1684 1302 santita,
1704 1255 1748 1293 et
1771 1248 1897 1293 desi-

259 1329 369 1372 dera
389 1328 436 1372 in
460 1327 762 1386 grandissimo
784 1328 918 1371 modo
941 1328 1130 1373 obtener
1151 1333 1311 1384 questa
1327 1326 1490 1384 gratia,
1510 1332 1690 1371 essento
1712 1340 1799 1370 aua
1819 1326 1900 1370 del

258 1405 467 1462 predetto
490 1404 647 1462 signor
669 1404 870 1449 Galeazo
894 1404 1170 1449 Caraeciolo.

1008 1640 1156 1683 1001

725 1730 966 1777 JOANNES
992 1730 1170 1768 NUNES
1195 1730 1442 1769 BARRETO

843 1814 1061 1861 patriarcha
1085 1814 1319 1862 Aethiopiae

640 1898 827 1942 PATRI
858 1899 1121 1943 IGNATIO
1153 1900 1236 1943 DE
1268 1899 1528 1943 LOYOLA

756 2001 977 2029 oms11³0NE
1006 2002 1021 2029 1
1051 2001 1235 2032 AUGUSTI
1272 2001 1360 2039 1555
1383 1996 1407 2030 ¹.

267 2075 398 2112 Dubia
416 2075 595 2123 proponit
613 2075 748 2112 Nunes
766 2075 815 2111 ad
838 2075 1094 2123 patriarchale
1124 2088 1264 2113 munus
1287 2077 1362 2113 rite
1386 2077 1736 2114 obeundum—De
1755 2078 1798 2115 P.
1819 2078 1905 2115 An-

337 2135 430 2171 drea
463 2135 512 2171 de
547 2134 836 2173 Ovied0.—De
871 2136 978 2172 socio
1010 2136 1050 2172 in
1083 2137 1210 2173 locum
1243 2136 1415 2173 Thomae
1448 2137 1622 2173 Pasitani
1656 2137 1906 2185 sufficiendo,

339 2196 473 2231 morbo
491 2195 704 2231 laborantis
713 2223 721 2231 .
730 2195 977 2232 ——Pontifieis
994 2195 1208 2244 diplomata
1230 2196 1374 2244 poscit.

1069 2279 1092 2315 †

1045 2316 1135 2359 Ihs.

359 2411 471 2465 Muy
492 2409 605 2454 Rdo.
628 2424 684 2454 en
706 2409 792 2453 X.⁰
816 2410 978 2455 Padre.
1004 2411 1048 2454 A
1070 2425 1246 2454 summa
1267 2424 1405 2468 grapa
1421 2411 1478 2455 (16
1500 2413 1585 2455 X.⁰
1607 2425 1719 2455 noso
1735 2412 1907 2456 senhor

270 2486 364 2541 seja
386 2500 563 2542 Sempro
585 2501 656 2531 em
683 2501 797 2531 nosa
825 2487 974 2543 ayuda
1001 2501 1027 2531 6
1054 2488 1198 2532 fauor.
1231 2490 1320 2532 Por
1347 2487 1511 2532 muitas
1542 2488 1638 2532 vias
1669 2489 1804 2533 tenho
1826 2503 1899 2533 es—

271 2562 386 2607 crito
408 2578 435 2607 a
457 2564 515 2607 V.
542 2565 595 2607 P.
621 2564 752 2607 sobre
774 2565 982 2622 algumas
1003 2564 1217 2619 duuidas,
1249 2580 1275 2610 6
1300 2579 1384 2609 sou
1405 2564 1654 2620 incerto-se
1682 2580 1731 2610 as
1753 2573 1906 2611 cartas

270 2654 462 2685 receueo
484 2640 516 2684 ²:
543 2655 729 2686 escreuo
751 2648 848 2686 esta
864 2641 1231 2688 sumariamente.
1252 2643 1296 2687 A
1313 2641 1483 2686 duuida
1499 2642 1611 2687 mais
1627 2642 1904 2700 importante

269 2718 328 2761 he
351 2725 462 2771 esta,
489 2732 577 2774 que
598 2732 700 2763 sera
720 2718 952 2774 necessario
973 2734 1053 2764 ver
1074 2718 1383 2764 determinada
1409 2734 1494 2777 por
1521 2735 1548 2763 ο
1570 2734 1685 2776 papa
1711 2720 1818 2777 logo
1839 2735 1905 2764 no

270 2794 555 2839 consistorio.

360 2872 500 2916 Vsam
522 2887 573 2916 os
595 2871 740 2916 abixis
762 2873 892 2917 todos
913 2874 969 2918 de
989 2872 1129 2917 vinho
1154 2873 1212 2919 de
1235 2888 1389 2931 passas
1406 2889 1488 2918 nas
1509 2874 1684 2928 missaS,
1704 2889 1729 2920 e
1745 2890 1772 2920 o
1788 2888 1903 2919 con-

341 2980 351 3000 ¹
404 2979 462 3015 Ex
481 2979 660 3026 originali
677 2979 717 3016 in
734 2980 812 3017 vol.
833 2980 878 3028 F,
896 2979 1042 3029 duplici
1060 2980 1166 3029 folio,
1185 2993 1229 3019 n.
1256 2980 1336 3028 135,
1355 2981 1462 3029 prius
1484 2982 1569 3028 614,
1588 2982 1678 3028 615.

343 3039 359 3060 ²
408 3038 482 3075 Ms.
503 3039 578 3076 R.⁰
