2060 3432
333 247 404 283 862
821 247 1058 283 EPlsTOLAE
1083 244 1393 291 M1x‘rAE—1o35

283 348 505 406 accipitis,
530 349 587 393 ad
611 349 871 405 frequentes
899 345 1223 399 confessiones,
1249 346 1371 402 quod
1398 353 1444 390 et
1469 346 1515 390 in
1543 346 1720 391 illorum
1748 346 1919 391 milita-'-

284 434 377 471 tem
399 434 484 480 est,
510 425 615 483 quia
635 441 719 470 vos
741 440 897 471 omnes
918 423 1126 468 homines
1147 423 1304 467 audire
1325 438 1420 467 non
1440 423 1645 480 potestis.

375 504 583 549 Salutate
600 502 803 560 digneris
827 504 881 546 Ρ.
907 499 1180 553 Candidum,
1205 499 1394 557 Spigam
1416 507 1463 544 et
1481 508 1594 556 quot
1621 502 1678 545 de
1704 516 1776 546 me
1805 515 1918 558 que—

284 587 409 634 runt,
424 587 474 624 vt
489 595 572 637 pro
590 594 663 624 me
680 595 807 624 orare
824 578 1087 636 dignentur,
1108 592 1239 634 rogo.
1261 577 1308 622 Si
1327 577 1436 634 quid
1453 577 1700 622 habueritis
1716 594 1770 624 ex
1789 579 1915 631 vrbe,

285 660 496 702 Tornaco
533 658 607 703 vel
642 656 855 710 Colonia,
887 654 1139 712 dignemini
1171 670 1255 699 nos
1284 656 1432 700 facere
1458 655 1713 712 participes.
1745 656 1916 701 Culen-

285 734 419 792 borgi
441 734 583 792 pridie
605 734 700 778 diui
723 732 895 778 Mathei
923 742 1050 788 1555.
1077 733 1134 776 V.
1162 733 1214 775 P.
1241 746 1403 778 seruus
1424 731 1656 789 indignus,

1168 810 1436 854 ARNOLDUS
1469 810 1676 854 HEZIUS.

375 889 636 946 Inscriptio:
658 888 687 946 †
710 889 823 932 Rdo.
856 887 902 930 in
930 888 1017 931 X.0
1046 886 1188 939 Patri,
1213 886 1396 930 domino
1423 886 1625 931 Adriano
1651 886 1841 931 Adriani
1861 888 1919 931 ab

286 965 558 1023 Antuerpia‚
583 967 640 1011 de
663 964 893 1010 Societate
908 966 1036 1023 Jesu.

1030 1177 1185 1217 “135

791 1260 1040 1296 ANDREAS
1067 1259 1413 1298 BONINSEGNA

660 1339 858 1382 PATRI·
878 1339 1140 1382 IGNATIO
1174 1339 1256 1381 DE
1288 1339 1547 1382 LOYOLA

737 1436 937 1463 ARGENTA
963 1435 1008 1462 22
1032 1435 1292 1465 sam-Ennius
1320 1435 1409 1472 1555
1435 1427 1467 1462 ¹.

285 1510 463 1548 Societas
478 1511 580 1546 bene
593 1509 1059 1557 audit.-Oppidan0rum
1073 1509 1245 1546 studium
1259 1521 1351 1556 erga
1366 1515 1518 1546 nostros
1536 1509 1576 1546 in
1593 1510 1677 1546 dies
1692 1515 1921 1557 augetur.—

499 1570 710 1616 Plurimus,
737 1581 785 1605 ex
810 1575 951 1606 navata
968 1569 1155 1617 proximis
1173 1581 1306 1617 opera,
1324 1571 1511 1605 collectus
1529 1569 1698 1606 fructus.

376 1655 489 1697 Rdo.
515 1654 561 1696 in
584 1653 765 1697 Christo
790 1654 951 1697 Padre.
979 1655 1153 1710 Questa
1182 1638 1282 1697 sara
1313 1669 1393 1710 per
1424 1653 1601 1698 auisare
1622 1655 1679 1698 V.
1713 1656 1767 1698 R.
1794 1656 1920 1712 qual-

285 1737 439 1776 mente
467 1731 606 1774 molto
636 1745 684 1774 se
713 1738 958 1787 augmenta
986 1730 1017 1773 il
1044 1730 1277 1788 seruiggio
1308 1730 1466 1774 diuino
1495 1746 1580 1787 apo
1607 1731 1652 1774 di
1681 1731 1772 1785 noi,
1803 1733 1922 1777 doue

288 1823 422 1865 parea
443 1808 487 1851 di
511 1809 572 1851 tal
593 1807 793 1852 maniera
815 1822 895 1864 per
921 1807 1077 1852 auanti
1098 1808 1280 1863 estimo,
1313 1810 1396 1851 che
1424 1808 1466 1852 al
1493 1808 1694 1865 giudicio
1722 1811 1921 1853 humano

286 1900 380 1929 non
401 1885 439 1929 si
461 1892 596 1942 potea
617 1884 849 1942 giudicare
870 1885 928 1928 da
950 1891 1075 1928 tanta
1096 1884 1342 1929 sterilitade
1364 1886 1420 1928 de
1447 1885 1583 1928 animi
1604 1886 1805 1930 douerne
1833 1886 1921 1931 mai

290 1963 382 2006 usir
405 1963 546 2006 frutto
567 1963 729 2006 alcuno
752 1961 797 2006 di
819 1962 997 2006 suauita
1019 1962 1062 2006 al
1082 1962 1266 2019 signore
1287 1962 1394 2006 Idio.

377 2042 466 2085 Per
487 2039 641 2083 auanti
663 2039 927 2083 scriuesimo
950 2055 976 2083 a
997 2041 1049 2084 V.
1078 2041 1132 2083 R.
1168 2041 1427 2096 qualmente
1456 2046 1582 2083 tanto
1610 2055 1686 2084 era
1713 2055 1870 2085 essoso
1891 2040 1923 2084 il

288 2131 421 2161 nome
447 2118 565 2162 della
596 2116 879 2174 Compagnia
908 2124 1086 2172 nostra,
1118 2125 1163 2161 et
1191 2119 1363 2160 hauuto
1398 2117 1446 2160 in
1479 2117 1582 2161 odio
1618 2118 1919 2173 quodamodo,

283 2197 371 2238 che
393 2209 488 2238 non
511 2194 557 2238 ui
579 2209 654 2239 era
677 2194 751 2238 chi
772 2194 811 2238 si
833 2195 1014 2240 uolesse
1036 2194 1301 2239 dimostrare
1318 2195 1580 2240 fauoreuole
1602 2194 1730 2250 quasi
1751 2194 1798 2237 in
1814 2209 1923 2238 cosa

285 2273 465 2324 alcuna,
491 2271 592 2315 anci
614 2271 646 2314 il
667 2270 793 2314 desio
815 2272 916 2316 dela
936 2271 1146 2328 maggior
1174 2278 1301 2328 parte
1322 2287 1398 2316 era
1425 2271 1470 2314 di
1497 2271 1697 2316 ributare
1719 2272 1761 2315 la
1783 2271 1920 2315 Com-

289 2348 456 2405 pagnia
476 2348 521 2391 di
544 2347 670 2405 quiui
692 2363 718 2391 a
739 2348 817 2404 piu
838 2355 1007 2404 potere.
1038 2351 1114 2392 Ma
1138 2356 1262 2392 tanto
1290 2362 1466 2404 sempre
1493 2349 1633 2405 puote
1655 2348 1686 2391 il
1707 2348 1917 2405 Signore,

285 2433 335 2469 et
356 2425 581 2469 l'orationi
602 2425 814 2469 d’alcune
837 2431 988 2469 mente
1010 2425 1083 2482 pie
1105 2433 1151 2469 et
1171 2425 1341 2478 diuote‚
1362 2425 1452 2470 eti]
1471 2426 1628 2469 fauore
1643 2427 1729 2470 che
1749 2427 1873 2470 dette
1894 2440 1921 2469 a

291 2504 379 2547 tale
400 2517 537 2559 opera
557 2517 640 2546 sua
668 2503 825 2546 ECC.za
847 2503 861 2523 ²
893 2509 939 2547 et
965 2502 1255 2559 monsignore
1285 2504 1417 2547 Rmo.
1448 2509 1578 2547 santo
1607 2504 1804 2560 Angelo‚
1835 2503 1920 2546 che

290 2579 395 2621 tutti
417 2594 442 2624 e
464 2578 599 2623 sforci
620 2579 683 2622 dil
704 2579 881 2623 nemico
902 2579 1121 2624 infernale
1142 2579 1231 2623 mai
1253 2586 1410 2636 potero
1436 2581 1670 2636 preualere
1698 2587 1856 2623 contro
1875 2580 1919 2623 la

361 2758 368 2775 ¹
421 2758 479 2792 Ex
498 2758 736 2804 autographo
755 2757 794 2792 in
812 2758 890 2793 vol.
911 2758 955 2800 F,
974 2756 1119 2804 duplici
1137 2757 1244 2801 folio,
1263 2770 1306 2793 n.
1329 2756 1388 2802 32,
1407 2757 1513 2804 prius
1535 2766 1616 2804 170,
1639 2765 1717 2803 171.

357 2819 370 2838 '2
423 2816 671 2863 Argentense
688 2817 937 2863 collegiolum
955 2816 995 2852 in
1011 2816 1177 2862 gratiam
1195 2817 1391 2863 Herculis,
1410 2817 1608 2853 Ferrariae
1632 2816 1756 2862 ducis,
1775 2816 1915 2853 admis-

285 2887 372 2911 sum
391 2887 412 2910 a
430 2875 627 2911 Societate
644 2875 733 2921 fuit,
751 2882 794 2911 ut
818 2888 933 2923 supra
950 2876 1132 2912 diximus.
1162 2877 1320 2912 Praeter
1346 2878 1448 2912 hunc
1468 2877 1706 2913 nostratibus
1730 2877 1915 2914 favebant

286 2945 419 2969 comes
443 2935 634 2970 Hercules
652 2935 878 2980 Rangonus‚
904 2935 1060 2981 collegii
1091 2941 1285 2982 protector
1314 2936 1548 2981 (POLANCO,
1579 2941 1612 2971 t.
1646 2944 1687 2980 V,
1711 2947 1800 2983 pag.
1831 2935 1912 2983 148,

287 3004 330 3028 n.
353 2992 438 3037 423)
454 2999 493 3029 et
511 2993 744 3030 Rainuccius
770 2995 954 3038 Farnese,
979 2994 1184 3030 cardinalis
1208 2994 1282 3030 Sti.
1308 2995 1466 3041 Angeli,
1485 2995 1779 3031 ravennatensis
1806 3007 1913 3043 prae-

286 3053 363 3098 sul,
382 3053 443 3087 cui
465 3053 638 3100 Argenta
656 3053 899 3100 subjacebat.
920 3053 1020 3089 Vide
1038 3054 1152 3101 epist.
1173 3053 1256 3100 899,
1281 3053 1321 3090 in
1338 3055 1410 3089 hoc
1429 3055 1505 3090 vol.
1537 3065 1624 3101 pag.
1650 3062 1720 3100 450
1743 3061 1783 3091 et
1801 3066 1910 3102 seqq.
