2014 3476
343 250 412 287 130
442 275 446 279 -
833 250 1073 286 EPISTOLAE
1099 249 1385 295 MixTAE—787

292 353 398 397 tutti
421 352 498 396 noi
520 353 563 396 la
585 353 743 405 bocca,
769 358 814 396 et
835 351 1042 396 lasciarui
1059 351 1178 396 nella
1195 351 1346 408 quiete
1363 358 1531 395 vostra.
1552 353 1588 395 F
1591 351 1837 398 inalmente
1855 369 1928 400 me

283 431 349 473 ,ha
370 429 582 473 richiesto
604 431 688 473 che
708 429 752 472 io
774 429 985 474 scriuessi
1007 444 1033 472 a
1055 430 1112 473 V.
1139 431 1191 472 R.
1220 443 1350 472 come
1372 443 1463 472 non
1479 431 1548 473 sta
1561 429 1767 487 ¹disposto
1788 431 1829 475 al
1851 445 1927 476 sa-

288 506 505 559 cerdotio,
537 513 583 552 et
611 506 718 550 forsi
754 507 964 550 hauendo
997 506 1145 551 inteso
1172 507 1214 549 la
1242 520 1447 562 espressa
1478 507 1666 551 volunta
1694 507 1741 550 di
1762 523 1863 552 essa
1896 523 1925 552 o

286 585 373 627 che
395 583 426 626 li
447 598 612 629 receua
634 598 660 627 o
682 598 774 627 non
796 585 1008 636 anchora,
1034 598 1083 628 se
1105 584 1370 627 contentara
1391 582 1484 639 piu.
1513 584 1690 640 Questo
1712 598 1854 641 penso
1877 579 1924 631 et

288 661 389 704 dico
406 676 462 705 ex
479 660 832 718 praesuppositis
854 661 882 714 ¹,
902 662 985 703 hor
1002 662 1085 704 che
1103 674 1193 703 non
1210 659 1377 703 habbia
1393 659 1730 717 impedimento,
1756 664 1923 718 perche

285 737 561 791 stimulando
584 738 627 781 io
650 740 734 782 che
755 737 819 781 lui
842 737 1016 781 dicesse
1038 752 1128 780 vna
1149 736 1388 793 raggione,
1414 738 1457 781 la
1478 738 1628 793 qualle
1648 739 1692 781 lo
1714 753 1923 795 mouesse

284 829 312 858 a
333 829 426 858 non
450 815 543 859 fare
565 830 693 858 come
715 813 886 875 liraltri,
911 814 972 856 mi
992 813 1165 870 rispose
1192 813 1304 856 cosi:
1331 812 1380 858 Si
1403 813 1564 857 scirem
1588 829 1688 860 esse
1708 816 1922 860 volunta-

286 898 378 934 tem
401 891 502 944 Dei,
528 906 601 935 me
622 890 852 947 suscipere
874 904 1027 934 sacros
1054 889 1251 952 ordines,
1276 905 1371 933 non
1400 905 1720 948 repugnarem,
1745 892 1833 936 iam
1863 893 1921 936 ti-

283 983 386 1013 meo
403 984 462 1013 ne
479 970 628 1012 Deum
645 968 938 1020 offenderem,
955 966 992 1010 si
1009 966 1301 1024 susciperem,
1316 968 1497 1023 quando
1514 969 1571 1014 de
1585 969 1672 1013 Dei
1685 969 1920 1016 voluntate

283 1045 393 1088 mihi
417 1060 507 1088 non
530 1052 723 1089 constat:
750 1059 853 1087 mox
876 1043 1015 1087 crassi
1038 1059 1212 1088 errores
1235 1044 1370 1087 huius
1387 1044 1692 1101 responsionis
1720 1046 1920 1104 expositi

283 1130 392 1165 sunt
413 1122 477 1164 illi
500 1128 546 1166 et
569 1121 888 1174 absurditates,
915 1135 1031 1177 quae
1052 1120 1159 1166 inde
1181 1121 1332 1165 statim
1355 1122 1714 1171 subinferuntur.
1740 1124 1918 1168 Nondi-
1984 1177 1991 1187 ·

282 1213 432 1251 meno,
459 1199 573 1241 Rdo.
602 1198 765 1251 Padre,
791 1198 833 1241 io
862 1212 955 1242 non
975 1213 1133 1254 penso,
1160 1199 1216 1242 ne
1239 1199 1385 1242 ancho
1407 1206 1562 1242 nostro
1584 1200 1795 1254 Martino,
1831 1203 1917 1246 che

279 1276 467 1320 Nicolao
490 1290 538 1319 se
561 1275 754 1319 monstri
782 1276 876 1319 cosi
897 1275 1173 1320 difficultoso
1202 1290 1281 1333 per
1305 1265 1483 1320 malicia
1511 1291 1652 1321 011010
1679 1277 1913 1334 duplicita,

275 1352 379 1396 anzi
415 1367 495 1409 per
526 1368 640 1410 pura
671 1353 926 1410 simplicita,
961 1368 1197 1410 vergogna
1229 1360 1275 1398 et
1308 1353 1513 1398 timidita:
1550 1354 1687 1411 quelli
1718 1354 1917 1411 passioni

277 1430 416 1473 molto
440 1430 767 1487 secgnorizano
790 1430 938 1494 inplui,
964 1445 1092 1475 come
1115 1446 1195 1488 per
1216 1428 1487 1487 esperientia
1508 1445 1558 1474 se
1578 1432 1708 1476 vede.

365 1506 643 1564 Espettiamo
671 1507 716 1551 in
746 1514 906 1564 questo
939 1522 1045 1552 caso
1066 1509 1095 1550 l’
1133 1507 1260 1552 auiso
1292 1507 1337 1551 di
1360 1509 1418 1552 V.
1451 1509 1503 1552 R.
1537 1508 1665 1552 Tutti
1695 1508 1726 1551 li
1754 1508 1916 1566 figlioli

273 1583 375 1627 suoi
396 1584 633 1629 viennensi
654 1584 951 1629 humilmente
972 1600 1021 1629 se
1043 1585 1411 1628 ricommandano
1433 1585 1518 1629 3110
1540 1585 1695 1630 deuoti
1722 1585 1912 1629 orationi

270 1661 333 1704 de
355 1662 411 1705 V.
439 1663 492 1706 R.
519 1663 589 1706 De
612 1661 791 1706 Vienna
812 1662 887 1707 nel
909 1662 1181 1706 monasterio
1202 1662 1258 1706 de
1282 1669 1411 1705 santo
1432 1661 1685 1707 Domenico
1710 1675 1766 1718 30
1787 1665 1912 1707 Mar-

275 1737 326 1780 tii
354 1749 477 1794 1554.
501 1740 571 1782 De
594 1740 651 1783 V.
678 1740 732 1782 R.
754 1753 889 1784 seruo
910 1738 1082 1784 humile
1103 1739 1150 1782 in
1166 1740 1278 1797 Jesu
1300 1737 1402 1792 X.⁰,

1132 1817 1383 1861 NICOLAUS
1415 1830 1479 1860 DE
1510 1816 1726 1861 LANNOY.

1041 2044 1154 2085 78⁷

882 2146 1098 2183 MARCUS
1125 2145 1296 2193 JORGE

640 2242 827 2285 PATRI
865 2243 1128 2287 IGNATIO
1167 2243 1250 2286 DE
1288 2244 1548 2288 LOYOLA

813 2357 955 2385 EBORA
981 2348 1024 2384 31
1053 2358 1198 2385 MARTn
1226 2357 1317 2396 1554
1341 2353 1371 2386 ².

274 2431 435 2467 Vacatio
459 2434 508 2468 ab
532 2433 675 2468 scholis
700 2444 722 2468 a
747 2432 941 2470 dominica
965 2435 1178 2480 palmarum
1203 2434 1251 2470 ad
1275 2434 1510 2471 dominicam
1533 2436 1577 2470 in
1601 2436 1908 2473 albis.—-Studia

342 2491 422 2537 jam
443 2492 523 2538 jam
547 2492 1097 2529 instauranda.—Scholarum
1122 2494 1286 2541 fructus,
1311 2494 1476 2542 piaeque
1500 2494 1771 2540 magistrorum
1795 2508 1908 2533 exer-

346 2552 671 2588 citationes.-P.
698 2553 840 2588 Torres
858 2552 1135 2589 Salmanticam
1159 2558 1220 2589 est
1237 2553 1496 2601 profecturus,
1515 2555 1583 2591 ubi
1607 2554 1691 2602 ejus
1713 2555 1907 2593 adventus

345 2617 595 2659 exspectatur
605 2640 612 2648 .

1080 2689 1101 2723 †

1022 2751 1025 2753 -
1040 2726 1136 2782 Jhs.

366 2819 462 2863 Mui
489 2820 604 2863 Rdo.
631 2829 694 2863 'en
723 2819 906 2864 Christo
936 2820 1097 2864 Padre.
1140 2821 1204 2864 La
1231 2821 1384 2878 gracia
1418 2837 1448 2877 y
1476 2837 1602 2866 amor
1632 2822 1689 2866 de
1722 2823 1904 2868 Christo

276 2904 462 2940 nuestro
499 2903 633 2940 senor
668 2911 744 2941 sea
781 2912 987 2955 syempre
1024 2913 1082 2943 en
1118 2905 1325 2942 nuestras
1357 2899 1543 2943 animas.
1585 2900 1751 2944 Amen.
1788 2902 1906 2946 Para

351 3006 361 3025 ¹
413 3005 485 3040 Ms.
499 3006 855 3052 praesupposistis.

348 3065 362 3084 2
413 3064 470 3098 Ex
489 3065 728 3111 autographo
747 3065 786 3100 in
804 3066 881 3101 vol.
901 3065 947 3110 E,
967 3065 1082 3102 unico
1101 3065 1206 3110 folio,
1225 3078 1268 3102 n.
1296 3074 1376 3113 177,
1395 3066 1501 3114 prius
1518 3065 1602 3111 484.
