2060 3450
832 253 879 290 24
904 243 1074 280 Apmus
1103 251 1192 290 1555
1702 247 1771 294 605

199 346 306 403 quel
328 346 469 390 detto:
495 344 687 397 Medice,
712 359 821 389 cura
843 351 888 388 te
909 344 1056 402 ipsum
1082 346 1112 388 ¹.
1138 346 1196 388 Et
1217 346 1383 401 quello:
1407 345 1680 404 {Hypocrita,
1706 348 1827 393 61166

193 423 386 481 primum
403 422 573 465 trabem
591 423 648 465 de
664 422 797 465 oculo
815 428 896 465 tuo
911 422 946 474 ²,
972 428 1059 466 etc.
1079 421 1166 466 Chi
1183 422 1287 467 uole
1309 423 1622 480 conuertirgli,
1648 425 1820 469 beatis-

193 499 308 543 simo
329 499 482 555 padre,
507 498 698 554 bisogna
725 498 907 554 quidem
927 499 1079 541 buona
1105 505 1152 542 et
1178 499 1303 543 salda
1330 499 1534 544 doctrina
1554 502 1672 545 della
1694 503 1817 555 fede,

191 591 265 619 ma
282 574 580 632 grandissima
597 574 888 631 exemplarita
901 573 947 617 di
964 574 1073 628 vita,
1092 575 1136 618 la
1151 576 1284 630 quale
1305 576 1370 632 gli
1392 591 1526 620 moua
1542 578 1643 622 dale
1663 579 1816 623 buone

191 666 330 709 opere
351 653 435 696 che
456 650 503 694 in
530 650 618 695 essi
640 652 880 704 vederano,
914 666 941 695 a
967 652 1150 696 credere
1177 653 1251 695 ch'
1282 653 1324 697 el
1352 653 1520 709 Spirito
1541 661 1700 699 sancto
1719 657 1745 698 e
1767 655 1815 699 in

188 729 300 781 loro,
331 734 377 772 et
404 729 489 772 che
516 743 572 772 ex
601 727 896 784 consequenti
922 728 1073 784 quello
1100 730 1185 773 che
1211 729 1277 786 gli
1304 729 1465 773 dicano
1493 731 1713 787 prouiene
1739 733 1814 776 dal

187 805 343 863 spirito
364 806 420 849 de
441 804 545 857 Dio,
570 812 615 848 et
637 819 727 848 non
749 805 822 848 dal
844 803 1001 862 spirito
1021 805 1095 849 del
1114 806 1296 859 mondo,
1320 807 1379 849 ne
1399 807 1457 851 da
1479 808 1702 853 rethorica
1722 811 1811 852 hu-

186 897 334 926 mana.
361 883 418 925 Et
439 883 546 938 pero
567 881 727 925 diceua
747 881 890 926 Giesu
910 882 1108 935 Christo,
1127 890 1283 927 nostro
1304 885 1476 940 grande
1498 893 1710 938 maestro,
1736 902 1810 930 sa-

183 959 355 1017 pientia
380 960 453 1003 del
483 959 629 1003 Padre
656 965 827 1010 eterno,
856 959 1072 1015 parlando
1095 974 1122 1002 a
1148 959 1215 1002 soi
1242 960 1487 1017 descepoli,
1512 969 1558 1005 et
1580 977 1606 1005 a
1627 963 1718 1016 noi,
1743 964 1811 1007 soi

183 1035 492 1081 descendenti:
518 1036 593 1080 Sic
614 1036 763 1078 luceat
789 1036 867 1078 lux
897 1042 1048 1080 vestra
1069 1049 1219 1079 coram
1247 1037 1520 1091 hominibus,
1547 1046 1598 1081 ut
1626 1039 1812 1084 uideant

181 1127 318 1169 opera
345 1120 496 1157 vestra
524 1113 665 1165 bona,
695 1118 742 1155 et
768 1111 1024 1168 glorificent
1044 1119 1216 1168 patrem
1243 1120 1461 1167 vestrum,
1493 1115 1570 1171 qui
1598 1116 1645 1159 in
1671 1117 1816 1161 coelis

179 1199 248 1234 est
272 1191 304 1233 ⁵:
336 1197 382 1235 et
417 1189 480 1232 lui
509 1190 738 1242 medemo,
780 1202 910 1232 come
946 1203 1078 1232 narra
1116 1197 1246 1233 santo
1275 1191 1415 1244 Luca,
1447 1192 1669 1236 comincio
1696 1195 1811 1247 fare,

180 1267 334 1310 auanti
357 1268 440 1310 che
462 1266 720 1323 insegnare‚
752 1265 989 1309 uolendoci
1016 1265 1258 1323 insegnare
1285 1283 1311 1311 a
1339 1267 1430 1320 noi,
1455 1275 1502 1312 et
1530 1269 1639 1313 sarci
1667 1270 1809 1314 ricor-

179 1343 345 1396 deuoli,
370 1345 455 1387 che
482 1344 525 1386 la
555 1344 676 1386 bona
708 1342 799 1386 vita
830 1349 877 1386 et
908 1349 1063 1386 sancte
1095 1357 1232 1399 opere
1262 1344 1471 1388 debbano
1502 1348 1743 1402 precedere
1765 1349 1808 1391 la

179 1419 385 1463 doctrina
411 1420 458 1463 in
486 1420 654 1475 quello,
684 1420 770 1463 che
799 1419 938 1462 uuole
963 1418 1097 1462 altrui
1125 1418 1350 1465 instituite
1377 1422 1517 1474 bene,
1548 1430 1594 1466 et
1614 1423 1815 1468 maxime

180 1511 372 1554 persone
393 1496 601 1540 indurate
621 1510 748 1540 come
770 1503 945 1551 queste,
970 1496 1044 1539 nel
1064 1510 1148 1538 suo
1177 1504 1378 1552 peccato,
1404 1513 1430 1541 a
1451 1499 1584 1555 guisa
1612 1500 1658 1543 di
1685 1502 1817 1544 Pha-—

182 1588 334 1618 raone:
359 1573 391 1616 il
411 1587 547 1617 cuore
568 1573 641 1617 del
663 1573 795 1628 quale
816 1572 904 1616 mai
926 1572 964 1616 si
984 1574 1122 1628 puote
1143 1571 1386 1617 intenerire
1407 1589 1487 1630 per
1509 1582 1627 1619 tutto
1651 1576 1682 1620 il
1704 1592 1807 1634 par-

181 1651 275 1695 lare
296 1650 341 1693 di
362 1651 489 1694 Mose
510 1657 556 1693 et
575 1650 774 1694 Aarone.
800 1650 947 1693 Tanto
969 1650 1142 1707 grande
1164 1651 1189 1693 e
1211 1649 1242 1692 il
1263 1650 1378 1694 13610
1406 1659 1452 1696 et
1473 1654 1682 1706 cathena,
1707 1669 1809 1698 com

183 1727 304 1784 quali
325 1734 487 1771 stanno
506 1727 656 1783 legate
678 1733 836 1782 queste
863 1726 1026 1771 misere
1053 1726 1201 1770 anime
1227 1727 1300 1771 dal
1328 1728 1540 1772 demonio
1569 1730 1804 1783 infernale,

181 1811 228 1850 et
249 1812 458 1849 occecate
477 1804 580 1848 nela
600 1818 683 1847 sua
703 1802 937 1856 infidelita,
962 1804 1094 1859 quale
1116 1805 1212 1848 loro
1229 1804 1466 1848 chiamano
1483 1806 1600 1860 fede,
1618 1809 1706 1852 che
1722 1823 1817 1864 pur

180 1882 344 1926 stando
371 1881 416 1923 in
439 1880 638 1937 periculo
658 1881 716 1924 de
737 1879 1042 1933 damnatione,
1067 1880 1104 1924 si
1126 1883 1358 1942 tenghano
1381 1896 1554 1936 secure,
1580 1897 1709 1929 come
1730 1885 1807 1941 gia

180 1958 255 2003 nel
267 1964 397 2014 porto
411 1958 467 2001 de
481 1972 562 2001 sua
578 1958 738 2002 salute.
759 1957 875 2002 Pero
893 1971 920 2000 o
938 1964 1108 2013 quanta
1123 1957 1429 2002 consolatione
1446 1966 1493 2002 et
1508 1967 1806 2005 contentezza

179 2035 370 2080 sarebbe
405 2050 431 2078 a
467 2041 585 2079 tutte
620 2035 662 2078 le
698 2035 817 2079 bone
851 2034 991 2078 menti
1028 2034 1199 2091 quagiu
1226 2034 1271 2077 in
1302 2043 1440 2088 terra,
1473 2044 1518 2081 et
1552 2037 1720 2093 gaudio
1747 2037 1805 2081 ali

179 2111 347 2168 angioli
369 2112 442 2156 del
463 2111 593 2164 cielo,
618 2121 664 2155 et
691 2126 717 2154 a
742 2110 836 2164 voi,
860 2110 1144 2154 sanctissimo
1171 2112 1323 2167 padre,
1348 2113 1507 2157 merito
1535 2114 1628 2168 qui,
1653 2121 1700 2157 et
1726 2129 1804 2157 co—

179 2203 290 2232 rona
315 2188 362 2231 in
390 2188 612 2244 paradiso,
643 2202 693 2232 se
721 2203 801 2244 per
827 2201 956 2230 mezo
983 2194 1158 2241 vostro,
1183 2203 1272 2231 vna
1297 2189 1506 2242 Geneua,
1539 2191 1648 2234 satta
1676 2205 1806 2236 rece-

181 2266 331 2309 taculo
351 2266 396 2308 d’
421 2265 530 2322 ogni
551 2265 751 2322 maligno
773 2264 929 2321 spirito
950 2265 1221 2318 errabundo,
1247 2281 1336 2310 vna
1359 2267 1618 2320 Germania,
1640 2269 1810 2324 populo

181 2349 307 2386 tanto
329 2357 585 2395 numeroso,
610 2358 699 2387 vna
722 2341 955 2395 Bohemia‚
979 2356 1068 2384 vna
1090 2342 1291 2395 Polonia,
1317 2350 1363 2387 et
1390 2344 1489 2387 altri
1512 2344 1670 2401 luoghi
1692 2346 1804 2389 altre

179 2421 302 2463 uolte
325 2428 450 2464 tanto
472 2419 685 2476 religiosi,
710 2426 756 2463 et
775 2417 1001 2463 defensori
1018 2418 1119 2462 dela
1136 2419 1237 2463 fede
1252 2426 1410 2463 sancta
1425 2427 1471 2464 et
1492 2421 1599 2465 sede
1621 2429 1802 2477 aposto-

178 2496 280 2549 lica,
306 2504 351 2542 et
378 2499 487 2540 hora
515 2503 640 2540 tanto
667 2495 800 2540 alieni
826 2496 884 2538 da
911 2509 1026 2547 esse,
1056 2508 1136 2551 per
1163 2510 1311 2539 essere
1339 2496 1498 2541 infette
1528 2497 1598 2539 del
1625 2512 1805 2542 veneno

177 2573 222 2617 di
250 2575 471 2626 Luthero,
499 2575 669 2618 fossero
698 2571 909 2616 restituiti
930 2572 1004 2616 nel
1025 2572 1219 2616 candore
1239 2573 1340 2617 dela
1368 2573 1569 2616 doctrina
1598 2588 1801 2630 euange-

178 2650 285 2703 lica,
330 2658 376 2694 et
416 2666 524 2694 sana
566 2649 864 2706 intelligentia
901 2648 1000 2691 dele
1041 2649 1283 2705 scripture,
1329 2658 1374 2693 et
1416 2650 1662 2693 obedienza
1701 2652 1803 2695 dela

177 2726 329 2771 chiesa
356 2742 555 2779 romana,
587 2726 703 2769 fuori
730 2726 830 2769 dela
858 2725 989 2781 quale
1016 2739 1110 2768 non
1138 2727 1164 2768 e
1192 2727 1357 2769 salute!
1392 2728 1568 2782 Questo
1596 2728 1620 2771 e
1649 2735 1806 2771 vostro

176 2803 342 2856 vfficio,
366 2819 393 2847 o
415 2810 594 2860 pastore
615 2803 688 2846 del
709 2803 890 2854 mondo,
917 2816 943 2844 a
964 2801 1037 2844 cui
1058 2801 1202 2845 Giesu
1223 2803 1404 2846 Christo
1422 2805 1479 2845 ha
1496 2818 1744 2847 commesso
1761 2805 1805 2848 le

252 2933 261 2952 ¹
314 2930 419 2964 Luc.
445 2937 498 2970 1v,
521 2927 579 2962 23.

247 2992 262 3011 2
313 2989 416 3025 Luc.
442 2996 498 3032 VI,
517 2996 577 3032 423
597 2987 765 3022 MATTH.
786 2995 855 3031 vn,
875 2994 909 3030 5.

249 3050 264 3071 ⁵
314 3049 483 3084 MATTH.
503 3057 543 3094 v,
565 3047 621 3082 16.
