2054 3496
338 239 386 285 96
839 239 1078 276 EPXSTOLAE
1103 240 1156 276 M1
1163 241 1394 286 xTAE—776

1057 483 1170 526 ⁷⁷ss

873 579 1112 626 JOANNES
1139 579 1357 615 NATALE

668 665 854 707 PATRI
886 664 1148 707 IGNATIO
1180 664 1262 707 DE
1294 664 1554 707 LOYOLA

828 765 981 793 BASTIA
1011 765 1053 802 15
1080 766 1227 793 MARTn
1258 765 1349 803 1554
1369 760 1395 793 ¹.

290 829 436 880 Obitus
454 841 635 878 Silvestri
654 841 833 885 Landini,
849 841 923 876 viri
937 840 1301 876 sanctissimi.-Ne
1316 841 1476 877 Corsica
1490 853 1512 877 a
1526 841 1707 878 Patribus
1721 842 1930 879 Societatis

805 900 1022 944 deseratur,
1041 900 1299 936 vehementer
1317 905 1414 936 orat.

1060 983 1163 1064 nis

385 1118 527 1162 Molto
549 1118 678 1160 Rmo.
703 1117 718 1137 ²
743 1114 834 1157 mio
857 1095 1021 1158 055.ωᾶ
1039 1115 1206 1159 Vostra
1227 1116 1357 1159 Rma.
1395 1115 1628 1160 Paternita
1656 1116 1718 1159 mi
1739 1117 1930 1173 perdoni

296 1197 353 1239 de
376 1210 466 1238 non
487 1192 644 1237 auerui
665 1199 855 1249 possuto
878 1191 1076 1236 scriuere
1097 1192 1268 1246 auanti,
1294 1194 1459 1249 perche
1481 1193 1527 1236 di
1548 1208 1638 1249 qua
1654 1209 1767 1238 sono
1788 1194 1877 1238 rari
1897 1194 1929 1238 li

295 1270 491 1328 passagij
516 1286 542 1314 a
570 1269 726 1314 uenire
754 1269 884 1323 costi,
911 1283 1040 1314 come
1068 1276 1240 1326 sapete,
1271 1284 1351 1327 per
1380 1271 1423 1313 13
1454 1270 1673 1328 disgratia
1699 1278 1854 1315 nostra
1881 1271 1927 1315 di

294 1356 455 1406 questa
482 1362 654 1405 pouera
679 1346 796 1390 isula
829 1361 909 1402 per
939 1346 970 1389 li
998 1346 1196 1404 trauagli
1221 1347 1401 1404 grandi,
1433 1362 1563 1391 como
1590 1363 1642 1392 so
1669 1350 1753 1392 che
1780 1349 1824 1393 10
1852 1364 1925 1393 53-

291 1427 413 1484 piate
436 1428 467 1469 ³.
494 1423 671 1469 Volessi
693 1423 788 1467 Idio
809 1424 852 1467 la
872 1423 1111 1481 piglasimo
1134 1438 1220 1468 con
1241 1425 1359 1468 bona
1376 1439 1502 1481 pace.
1523 1427 1698 1481 Questa
1719 1426 1762 1468 13
1783 1425 1927 1482 prima

290 1511 433 1561 parte:
472 1503 514 1546 al
549 1503 662 1545 altra
695 1508 822 1558 parte
857 1501 904 1544 vi
941 1500 1069 1546 auiso
1103 1502 1206 1546 dela
1238 1502 1358 1546 bona
1391 1517 1416 1545 0
1451 1509 1581 1546 santa
1614 1502 1829 1546 memoria
1855 1503 1929 1547 del

290 1582 405 1625 Rdo.
431 1581 478 1623 in
499 1582 617 1636 Xpo.
646 1581 783 1623 Patre
804 1580 895 1622 don
918 1578 1156 1632 Siluestro,
1182 1580 1227 1623 10
1257 1580 1391 1637 quale
1417 1581 1553 1624 credo
1582 1582 1644 1624 M.
1672 1581 1929 1625 Manouelle

290 1658 335 1701 vi
363 1658 460 1702 abia
491 1657 659 1713 scripto
688 1657 703 1677 '⁴
732 1672 758 1701 a
786 1656 1107 1713 compimento,
1139 1658 1184 1700 lo
1212 1658 1362 1714 qualle
1390 1672 1481 1701 non
1509 1657 1660 1702 credia
1690 1657 1780 1701 fusi
1802 1664 1928 1702 tanta

291 1734 560 1792 perfettione
581 1734 626 1777 di
648 1733 807 1790 spiritu
836 1733 883 1776 in
909 1748 1047 1790 corpo
1075 1735 1291 1787 humano,
1318 1742 1488 1790 quanto
1510 1750 1537 1779 a
1557 1749 1630 1778 me
1655 1749 1791 1791 parea
1813 1734 1926 1779 fussi

283 1813 338 1855 -in
364 1813 409 1855 10
436 1812 551 1854 ditto
582 1814 644 1856 M.
678 1810 921 1864 Siluestro,
954 1811 997 1854 10
1025 1811 1158 1866 quale
1191 1812 1234 1854 10
1262 1811 1408 1868 primo
1436 1811 1482 1854 di
1509 1812 1552 1854 13
1580 1811 1834 1868 quaresima
1861 1811 1925 1855 lui

290 1890 473 1947 predico
494 1889 541 1932 in
568 1888 741 1945 peruio:
771 1888 908 1945 dipoi‚
935 1887 1089 1931 auanti
1118 1888 1182 1932 lui
1210 1889 1525 1945 mangiasimo,
1556 1888 1594 1933 si
1623 1904 1649 1932 3
1677 1888 1873 1942 amalati,
1897 1903 1924 1933 0

288 1968 347 2011 311
369 1966 649 2022 uinticinque
670 1966 715 2008 di
737 1965 782 2008 di
803 1966 847 2008 13
869 1965 1122 2021 quaresima
1141 1965 1206 2008 lui
1227 1966 1359 2022 passo
1381 1980 1406 2009 e
1429 1966 1549 2022 spito
1570 1965 1616 2009 di
1637 1972 1798 2022 questa
1819 1981 1924 2022 pre-

287 2050 416 2087 sente
436 2043 545 2095 vita,
571 2044 656 2086 che
680 2043 727 2084 fu
750 2043 793 2085 10
821 2043 997 2096 sabato,
1022 2056 1099 2085 ora
1122 2041 1167 2085 di
1190 2049 1314 2086 terza
1336 2042 1383 2085 in
1404 2042 1540 2086 circa:
1565 2043 1824 2098 qualmente
1846 2042 1922 2087 noi

285 2121 330 2163 10
352 2120 479 2164 iorno
506 2126 726 2175 sequente
746 2133 825 2161 ora
846 2118 892 2161 di
914 2133 1106 2175 uesparo
1128 2118 1158 2161 li
1180 2118 1342 2162 fecimo
1358 2134 1449 2163 vno
1472 2119 1666 2176 diposito
1682 2119 1729 2162 in
1745 2119 1788 2163 13
1798 2119 1922 2175 jexia

359 2231 368 2250 ¹
419 2229 478 2263 Ex
493 2233 744 2263 monumento
763 2238 909 2263 coaevo
928 2226 968 2261 in
986 2226 1064 2261 vol.
1085 2226 1131 2271 E,
1150 2225 1296 2272 duplici
1314 2225 1422 2271 folio,
1442 2218 1480 2261 n.
1500 2225 1561 2272 96,
1580 2226 1687 2273 prius
1709 2226 1796 2273 193.

354 2289 368 2309 2
422 2288 496 2322 MS.
523 2286 774 2322 R‚diimsen10.

354 2348 368 2367 ³
419 2346 633 2393 «Quamvis
651 2346 780 2382 omnia
797 2345 912 2381 bellis
931 2349 1064 2381 essent
1081 2345 1320 2392 perturbata,
1340 2349 1380 2380 et
1398 2343 1511 2379 Corsi
1528 2344 1576 2379 ad
1595 2344 1729 2380 Gallos
1747 2345 1851 2380 bona
1868 2357 1918 2381 ex

285 2411 394 2453 parte
423 2405 651 2452 deficerent,
681 2404 849 2440 dominis
872 2403 1141 2450 genuensibus
1165 2403 1327 2450 relictis,
1352 2402 1475 2439 nostri
1503 2408 1649 2447 tamen,
1673 2415 1918 2452 quacumque
1959 2413 1965 2420 ’

213 2465 219 2471 ”
283 2465 432 2500 ratione
451 2469 644 2511 poterant,
662 2474 733 2499 suo
749 2462 862 2509 fungi
880 2462 1010 2498 officio
1028 2461 1269 2507 nitebantur;
1296 2461 1367 2497 sed
1390 2472 1494 2508 cum,
1513 2461 1745 2497 tumultibus
1771 2461 1811 2498 in
1832 2461 1919 2498 dies

281 2523 566 2569 crescentibus,
586 2523 712 2558 varios
742 2527 895 2559 nostros
925 2523 1078 2557 labores
1109 2527 1150 2557 et
1174 2520 1418 2557 incommoda
1441 2525 1682 2567 paterentur,
1702 2520 1743 2557 in
1766 2521 1918 2568 gravis-

281 2583 423 2619 simum
442 2585 618 2619 morbum
636 2588 715 2618 tam
738 2583 782 2617 P.
808 2581 1000 2617 Silvester
1023 2593 1139 2628 quam
1163 2581 1207 2616 P.
1235 2581 1462 2616 Emmanuel
1488 2579 1752 2616 inciderunt...
1780 2582 1867 2627 Jam
1891 2592 1915 2616 a

278 2631 413 2677 mense
445 2642 625 2688 Augusto
655 2640 746 2676 anni
776 2630 978 2687 praeteriti
1007 2640 1134 2675 nullas
1164 2644 1369 2686 acceperat
1398 2639 1550 2675 litteras
1580 2640 1624 2675 P.
1656 2640 1833 2686 Ignatius
1864 2651 1913 2675 ex

277 2701 451 2746 Corsica3
471 2713 560 2736 nam
584 2713 673 2736 cum
697 2705 832 2736 essent
856 2699 1025 2735 insulani
1049 2699 1177 2735 alieno
1201 2698 1330 2734 animo
1354 2710 1376 2734 a
1400 2698 1601 2746 republica
1622 2699 1831 2746 genuensi,
1857 2698 1912 2735 ita

275 2762 426 2797 litteras
446 2772 493 2796 eo
513 2760 724 2797 transmitti
741 2771 819 2795 non
837 2758 952 2795 facile
971 2764 1091 2795 erat.»
1111 2756 1329 2803 PoLANCO,
1349 2763 1377 2794 t.
1393 2767 1449 2802 IV,
1465 2769 1556 2805 pag.
1574 2757 1697 2804 37-38,
1716 2770 1755 2794 n.
1771 2766 1831 2804 54,
1851 2767 1912 2804 55.

274 2820 487 2856 -Bellicas
501 2832 564 2856 res
579 2820 763 2856 Corsicae
778 2818 935 2855 tradunt
948 2818 1124 2854 historici
1138 2817 1362 2863 CAMBIAGl,
1377 2818 1526 2854 [storia
1539 2819 1603 2854 del
1616 2830 1743 2866 regno
1756 2818 1801 2854 di
1817 2817 1912 2854 Cor-

272 2882 369 2923 sica,
386 2881 452 2915 lib.
470 2888 539 2924 v'11;
555 2879 731 2925 CASONI,
746 2879 902 2914 Annali
915 2878 1024 2914 della
1038 2878 1264 2925 repubblica
1277 2877 1321 2912 di
1338 2876 1515 2920 Genova,
1531 2878 1600 2913 lib.
1615 2887 1674 2923 v1,
1690 2883 1765 2915 ete.
1782 2877 1911 2913 Ambo

276 2945 441 2975 mortem
460 2939 596 2986 jacobi
614 2938 725 2974 Santi
742 2937 791 2973 de
811 2938 930 2982 Mara,
945 2937 994 2973 de
1007 2949 1084 2984 quo
1099 2948 1215 2983 saepe
1234 2935 1386 2982 egimus
1400 2937 1440 2972 in
1454 2939 1531 2973 vol.
1547 2937 1761 2984 superiore,
1777 2936 1825 2972 ad
1838 2937 1910 2973 hoc

277 3004 432 3045 tempus
450 3001 574 3043 (1554)
590 2997 779 3043 referunt,
798 2996 838 3033 in
856 2997 939 3032 acie
957 3001 1092 3032 eontra
1115 2995 1337 3042 genuenses
1355 2995 1581 3043 pugnantis,
1599 2996 1837 3043 interempti.

351 3060 366 3080 ⁴
416 3058 516 3093 Vide
535 3057 650 3104 epist.
669 3065 752 3102 774.
