2014 3470
763 248 786 284 9
812 237 1059 273 Novmoems
1090 244 1181 282 1554
1701 245 1771 283 445

939 514 1058 555 §ov

633 617 955 654 EVERARDUS
980 615 1363 653 MERCURIANUS

555 701 742 744 PATRI
768 701 998 759 JOANNI
1028 701 1111 744 DE
1143 700 1445 744 POLANCO

677 802 857 831 PERUsrA
875 805 899 841 9
916 802 1156 831 NOVEMBRIS
1177 802 1269 839 1554
1288 796 1314 829 ¹.

181 878 242 913 De
261 877 471 913 Laurentio
490 876 942 923 Davidico.-Cogitant
958 877 1073 913 amici
1090 877 1279 912 rationem
1293 876 1476 924 perusino
1494 876 1660 923 collegio
1677 878 1822 914 subve-

439 936 573 972 niendi
585 937 709 972 .-De
727 936 922 972 cardinale
940 936 1173 982 ArmeIIino,
1191 936 1283 971 olim
1302 936 1382 971 vita
1400 935 1547 974 functo.

980 1019 1010 1077 *ἓ

268 1116 365 1158 Pax
389 1114 464 1158 X.i
498 1115 614 1158 Rdo.
639 1114 686 1157 in
707 1115 794 1158 Χ.ο
818 1115 980 1159 Padre.
1006 1116 1183 1158 Mentre
1199 1115 1272 1157 ch’
1291 1114 1559 1171 aspettiamo
1581 1115 1741 1159 lettere
1756 1117 1813 1159 da

177 1192 234 1235 V.
262 1193 337 1244 R.,
365 1192 464 1235 solo
486 1191 527 1235 ci
549 1186 736 1244 diremo{
757 1193 857 1243 che,
882 1190 1187 1234 ritrouandosi
1209 1206 1298 1246 qua
1315 1194 1378 1235 M.
1399 1192 1605 1235 Lorenzo
1621 1191 1814 1236 Dauidi—

181 1283 252 1323 co,
283 1269 424 1311 molto
454 1270 490 1311 s’
520 1269 546 1311 e
575 1274 760 1310 trattato
789 1268 855 1310 fra
885 1274 951 1310 tre
981 1267 1234 1320 fraternite,
1265 1269 1384 1313 doue
1413 1269 1550 1311 fanno
1577 1268 1642 1324 gli
1669 1268 1813 1312 nostri

176 1344 478 1397 essortationi,
503 1346 548 1387 d’
573 1343 930 1388 accommodarci
951 1345 1077 1387 detto
1104 1347 1167 1388 M.
1193 1344 1417 1388 Dauidico
1444 1343 1554 1403 [per]
1583 1352 1719 1389 conto
1750 1346 1807 1389 de

173 1423 267 1466 fare
287 1428 410 1466 certe
432 1420 734 1465 essortationi:
759 1428 806 1465 et
833 1435 963 1465 come
989 1435 1038 1464 se
1065 1420 1181 1475 dice,
1206 1421 1349 1478 hoggi
1377 1424 1413 1465 s'
1444 1424 1503 1465 ha
1531 1423 1590 1465 da
1618 1423 1805 1466 conclu-

171 1498 279 1543 dere
300 1513 328 1541 o
350 1498 436 1541 sio
458 1512 564 1541 non.
592 1499 766 1541 Perche
794 1497 835 1541 ci
863 1512 946 1540 son
973 1497 1153 1542 diuerse
1181 1497 1392 1554 openioni
1421 1514 1556 1555 sopra
1585 1498 1630 1542 di
1652 1498 1738 1551 cio,
1774 1499 1809 1541 il

170 1576 258 1618 che
280 1574 431 1632 spiace
451 1575 493 1618 al
513 1574 784 1631 vicelegato,
804 1575 910 1631 qual
934 1574 1084 1618 uorria
1100 1582 1295 1619 restasse
1310 1574 1389 1630 qui
1406 1576 1438 1618 ².
1460 1575 1624 1631 Questi
1641 1575 1687 1618 di
1704 1590 1804 1620 cer-

153 1666 284 1696 scaua
304 1652 439 1695 modo
459 1652 586 1696 detto
608 1654 670 1695 M.
697 1653 904 1696 Lorenzo
926 1652 1142 1696 mandare
1158 1652 1318 1696 lettere
1335 1667 1362 1696 a
1378 1660 1535 1696 nostro
1554 1653 1718 1698 Padre.
1740 1654 1805 1697 La

169 1735 308 1786 gente
329 1735 450 1773 resta
470 1730 559 1772 ben
579 1728 788 1773 edificata
808 1729 927 1774 della
947 1723 1088 1772 bonta
1108 1729 1182 1773 del
1205 1731 1258 1772 Ρ.
1285 1731 1348 1773 Μ.
1381 1730 1568 1774 Andrea
1590 1730 1604 1751 ⁵
1619 1764 1629 1783 ,
1654 1735 1700 1772 et
1722 1730 1804 1774 de-

171 1805 355 1850 uotione
376 1807 450 1849 ch'
474 1805 566 1863 egli
586 1807 647 1850 ha
662 1805 709 1848 in
728 1806 794 1849 far
810 1813 970 1861 queste
987 1805 1288 1859 essortationi3
1308 1805 1468 1849 dubito
1484 1821 1575 1850 non
1591 1805 1805 1863 risponda

170 1898 197 1927 a
218 1882 368 1938 quelle
388 1884 541 1927 buone
561 1882 678 1939 parti
698 1883 742 1926 la
763 1882 963 1926 dottrina
984 1889 1030 1927 et
1050 1882 1082 1924 il
1104 1882 1274 1927 talento
1295 1884 1381 1927 che
1402 1883 1448 1926 in
1471 1892 1632 1940 questo
1655 1897 1804 1928 esser-

172 1959 279 2003 citio
301 1962 374 2003 ha.
642 2006 646 2011 ,
1473 1952 1475 1954 ’

259 2037 325 2081 Ce
356 2051 544 2081 occorso
572 2036 656 2090 dir,
696 2038 781 2082 che
818 2036 895 2093 qui
929 2036 1004 2094 piu
1042 2037 1166 2081 uolte
1200 2035 1412 2080 habiamo
1441 2036 1608 2080 sentito
1644 2038 1728 2080 che
1758 2037 1803 2079 la

170 2114 323 2157 buona
352 2114 566 2158 memoria
603 2115 677 2158 del
713 2113 941 2158 cardinale
977 2113 1228 2166 Armelino,
1268 2113 1519 2157 hauendosi
1555 2113 1803 2158 deliberato

172 2191 265 2235 fare
286 2191 470 2235 edificat
487 2191 533 2234 in
551 2197 712 2249 questo
728 2198 883 2234 nostro
899 2191 1039 2248 luogo
1056 2205 1147 2234 una
1167 2190 1389 2247 sapientia
1410 2189 1456 2234 di
1472 2191 1610 2234 molta
1631 2190 1797 2247 impor-

239 2324 250 2345 ¹
300 2322 359 2357 Ex
377 2323 616 2371 autographo
633 2321 674 2356 in
691 2323 769 2357 vol.
789 2322 836 2368 E,
855 2321 969 2357 unico
987 2321 1094 2366 folio,
1113 2333 1151 2356 n.
1168 2320 1228 2366 35,
1248 2321 1355 2368 prius
1374 2329 1437 2367 54.

238 2382 252 2403 ²
301 2381 362 2416 De
392 2381 601 2416 Laurentio
630 2380 822 2416 Davidico
852 2382 974 2416 multa
996 2379 1166 2416 diximus
1191 2392 1322 2428 supra,
1348 2381 1482 2427 Epist.
1507 2381 1672 2422 Miserae,
1702 2385 1728 2415 t.
1757 2389 1802 2424 11,

169 2451 258 2487 pag.
280 2449 363 2487 110,
381 2439 465 2486 365,
482 2439 567 2487 381,
585 2439 758 2486 436-438,
778 2439 862 2484 832,
880 2439 950 2484 870
968 2445 1007 2474 et
1033 2439 1258 2487 seqq.—Ad
1283 2441 1386 2475 hune
1411 2452 1553 2475 annum
1580 2441 1803 2484 POLANCO,

169 2504 200 2535 t.
217 2508 273 2545 1v,
291 2510 380 2546 pag.
403 2507 484 2546 154,
502 2511 540 2536 n.
560 2498 629 2544 314
646 2498 796 2534 scribit:
818 2498 1025 2534 «Redierat
1042 2498 1261 2541 Petusium,
1279 2503 1368 2546 post
1386 2503 1642 2545 tempestates
1657 2497 1800 2543 varias,

171 2558 351 2594 sacerdos
380 2558 466 2605 ille,
497 2558 729 2594 Laurentius
759 2557 974 2593 Davidicus
1003 2557 1181 2600 nomine,
1213 2557 1262 2594 de
1291 2569 1368 2605 quo
1398 2557 1578 2604 superius
1607 2556 1709 2592 facta
1739 2562 1802 2592 est

172 2617 331 2662 mentio,
355 2622 396 2653 et
418 2617 620 2664 pristinam
645 2617 751 2653 illam
776 2622 816 2653 et
839 2616 916 2652 sibi
940 2622 1169 2652 consuetam
1191 2628 1282 2653 suos
1306 2617 1518 2663 discipulos
1543 2615 1800 2651 mortificandi

170 2675 358 2712 rationem
375 2677 624 2723 sequebatur;
644 2688 718 2712 nec
737 2676 907 2711 fautores
926 2676 962 2711 ei
980 2675 1157 2723 deerant,
1181 2676 1283 2712 inter
1306 2687 1404 2723 quos
1422 2676 1506 2722 ipse
1531 2674 1725 2720 Vicarius,
1745 2679 1801 2719 et,

172 2740 215 2770 ut
244 2734 465 2779 videbatur,
495 2736 727 2782 Prolegatus
751 2741 847 2780 erat3
878 2740 1032 2771 nostros
1062 2740 1194 2771 tamen
1223 2735 1289 2772 ille
1308 2736 1522 2771 benevolos
1546 2735 1691 2769 habere
1721 2738 1803 2768 stu—

170 2793 328 2829 debat.»
1193 2791 1198 2794 ’

240 2854 255 2875 ³
305 2853 482 2889 Andreas
511 2853 778 2889 Galvanellus.
810 2852 872 2889 Cf.
903 2853 1086 2896 Polanco,
1111 2858 1141 2890 t.
1166 2863 1222 2900 lv,
1254 2865 1347 2901 pag.
1381 2862 1463 2899 150,
1494 2861 1573 2897 151.
1602 2856 1734 2887 annot.
1762 2861 1803 2895 4,

172 2912 240 2948 ubi
269 2912 504 2948 mutationes
533 2912 727 2947 sociorum
755 2913 828 2947 hoe
857 2917 1044 2948 autumno
1077 2921 1182 2958 1554,
1212 2913 1365 2948 Perusii
1395 2912 1435 2947 in
1466 2910 1632 2957 collegio
1661 2909 1801 2955 factas,

173 2970 361 3008 diximus.
389 2973 450 3007 De
474 2971 703 3007 Galvanello
729 2976 860 3006 autem
884 2971 1128 3019 caeterisque
1151 2972 1309 3018 collegii
1339 2970 1492 3015 incolis,
1524 2969 1803 3005 accuratiorem

174 3036 310 3079 postea
328 3032 410 3078 ipse
429 3030 695 3066 Mercurianus
712 3030 888 3066 notitiam
906 3031 1085 3077 praebet.
