2060 3450
858 253 904 289 24
930 243 1098 280 Amans
1127 252 1216 290 1555
1718 255 1789 294 599

209 344 458 390 obedienza
478 345 580 390 dela
601 345 753 390 chiesa
774 360 973 398 romana,
993 345 1226 390 alterando
1247 352 1419 402 quanto
1439 347 1592 390 hanno
1612 354 1774 404 potuto
1795 355 1844 394 et

210 436 405 480 possono
425 423 455 465 l’
481 422 640 480 ordine
652 422 982 476 ecclesiastico,
1007 429 1054 467 et
1069 422 1356 476 sacramenti,
1376 430 1422 466 et
1438 424 1550 467 altre
1567 424 1840 469 institutioni

211 507 381 552 sancte,
413 506 458 544 et
485 499 600 543 sacri
628 500 809 545 canoni.
846 501 904 543 Et
931 499 970 543 si
997 500 1276 544 metterebbe
1304 502 1450 544 ancho
1473 500 1651 545 silentio
1678 517 1705 546 a
1733 503 1839 546 mali

209 575 396 632 xpiani.,
426 576 547 632 quali
574 577 900 633 grandemente
930 590 1042 620 sono
1070 576 1359 620 scandalizati
1386 577 1476 621 deli
1505 577 1697 621 ministri
1735 579 1844 623 dela

207 653 375 707 chiesa3
389 654 569 709 perche,
585 654 793 698 uedendo
809 654 906 698 loro
923 655 1008 698 che
1025 654 1198 698 fossero
1214 654 1444 698 reformati
1462 669 1487 697 a
1506 655 1657 698 buona
1674 662 1720 698 et
1737 656 1838 699 lau-

207 729 356 775 dabile
375 730 484 783 uita,
510 738 555 775 et
577 732 662 774 che
684 731 934 774 faccessero
955 731 985 773 1’
1010 730 1162 774 ufficio
1183 731 1295 783 loro,
1321 732 1574 775 sarebbono
1596 747 1622 775 a
1650 733 1746 776 loro
1766 732 1838 775 di-

202 813 353 863 spetto
373 807 609 850 constretti
630 808 731 850 dala
752 806 912 852 istessa
933 806 1216 860 conscienza,
1236 821 1328 851 non
1345 808 1391 851 di
1413 808 1631 852 maledirli
1653 809 1768 862 loro,
1787 816 1837 853 et

204 884 278 927 chi
298 884 330 927 li
351 885 448 928 fece
470 884 627 941 prelati
650 899 678 928 0
700 885 830 941 preti,
851 899 1027 929 comme
1044 872 1197 938 fanno,
1217 899 1292 929 ma
1307 885 1364 930 de
1381 885 1650 943 benedirgli,
1670 894 1716 930 et
1731 886 1835 929 imi-

206 961 357 1018 targli,
381 968 427 1006 et
450 961 555 1005 farsi
577 962 633 1005 de
662 961 794 1014 tristi,
818 961 977 1016 buoni,
1002 961 1218 1018 gietando
1249 962 1423 1005 hormai
1445 962 1476 1004 li
1497 963 1594 1007 loro
1617 963 1838 1019 Pasquini

206 1046 252 1083 et
278 1038 484 1095 Marphoi
511 1040 586 1083 nel
606 1040 761 1093 fiume,
793 1039 865 1082 col
890 1039 1096 1082 medemo
1120 1039 1351 1095 Pasquino
1380 1047 1426 1084 et
1447 1039 1702 1096 Marphoio,
1733 1055 1836 1084 com

206 1115 327 1170 quali
349 1116 387 1159 si
409 1131 467 1159 ua
488 1116 675 1160 ridendo
697 1116 728 1158 il
749 1117 916 1160 mondo
931 1116 988 1159 de
1010 1115 1171 1159 sommi
1193 1115 1410 1172 pontifici,
1436 1116 1612 1173 prelati,
1632 1124 1678 1162 et
1699 1117 1832 1161 mini-

204 1192 285 1235 stri
302 1193 401 1237 dela
419 1192 571 1236 chiesa
587 1199 730 1236 santa.
752 1194 929 1249 Questo
945 1194 986 1245 e,
1011 1192 1295 1236 sanctissimo
1312 1194 1474 1246 Padre,
1494 1208 1585 1237 vno
1602 1193 1837 1250 singulare

203 1269 402 1313 remedio
423 1284 504 1326 per
525 1270 753 1314 refrenare
774 1269 883 1325 ogni
905 1268 1124 1312 maledica
1145 1269 1303 1326 lingua
1319 1276 1476 1313 contra
1498 1269 1529 1312 il
1546 1276 1663 1314 stato
1680 1284 1836 1314 sacer—

203 1347 368 1399 dotale,
393 1354 439 1390 et
460 1362 539 1403 per
561 1346 786 1390 restituire
807 1347 851 1389 la
873 1346 987 1391 facie
1008 1346 1110 1390 dela
1131 1346 1283 1390 chiesa
1304 1348 1379 1390 nel
1406 1361 1490 1390 suo
1511 1346 1668 1390 natiuo
1691 1356 1736 1392 et
1756 1348 1832 1391 bel

201 1424 367 1467 colore.
393 1423 708 1467 Comminciati
730 1424 908 1468 donche
928 1423 1002 1466 voi
1023 1423 1055 1465 il
1076 1422 1235 1479 primo,
1260 1437 1389 1467 come
1410 1430 1593 1479 pastore
1614 1438 1642 1467 o
1661 1423 1836 1467 vicario

201 1500 414 1557 generale
441 1501 498 1545 de
527 1499 671 1544 Giessi
699 1500 881 1543 Christo
910 1500 958 1543 in
987 1507 1122 1554 terra,
1153 1507 1199 1545 et
1227 1500 1429 1545 uedereti
1456 1501 1526 1543 ala
1547 1515 1704 1556 proua,
1743 1501 1831 1545 che

200 1577 306 1620 tutti
327 1577 358 1620 li
378 1576 495 1630 altri,
520 1591 649 1620 come
670 1578 909 1633 pecorelle,
934 1591 961 1620 o
983 1592 1063 1634 per
1084 1592 1252 1631 amore,
1277 1592 1304 1620 o
1327 1592 1406 1633 per
1422 1591 1675 1634 vergogna,
1700 1592 1728 1620 0
1749 1592 1835 1634 per

200 1653 359 1698 timore
380 1654 453 1698 del
476 1661 627 1698 vostro
649 1655 855 1709 bastone,
884 1653 927 1697 ui
949 1653 1208 1711 seguirano.
1234 1655 1338 1698 Non
1361 1654 1408 1697 ui
1429 1654 1496 1697 sia
1523 1669 1666 1711 graue
1693 1654 1724 1696 il
1744 1654 1830 1697 de-

195 1731 403 1787 ponerui,
428 1746 477 1775 se
498 1746 582 1787 pur
604 1731 783 1774 hauesti
805 1731 1090 1784 cominciato,
1114 1731 1146 1774 il
1167 1733 1252 1776 che
1267 1746 1360 1775 non
1381 1732 1533 1784 credo,
1553 1746 1580 1774 o
1598 1731 1629 1773 il
1644 1745 1737 1774 non
1752 1745 1830 1776 se*

194 1806 325 1864 guire
346 1807 377 1850 il
398 1814 653 1851 costumato
674 1808 813 1851 modo
836 1808 882 1851 di
905 1807 1060 1853 viuere
1088 1808 1175 1851 alla
1203 1808 1345 1865 larga,
1371 1809 1428 1852 de
1448 1807 1590 1851 vostri
1618 1814 1829 1852 anteces-

194 1883 298 1927 sori.
326 1885 482 1929 Graue
503 1884 549 1927 ui
571 1883 653 1939 sia,
678 1891 724 1929 et
745 1899 932 1940 penoso,
952 1886 1037 1928 che
1060 1891 1185 1928 tante
1202 1885 1425 1941 pecorelle
1446 1884 1614 1927 vadino
1637 1885 1834 1929 errando

193 1975 274 2016 per
295 1962 423 2017 colpa
444 1962 517 2005 del
538 1969 732 2017 pastore.
752 1961 918 2005 Imitati
938 1961 1083 2006 Giessl
1106 1961 1304 2015 Christo,
1330 1962 1587 2017 exemplare
1602 1967 1755 2004 vostro
1777 1969 1829 2005 61·

194 2037 300 2090 mio,
325 2037 356 2080 il
377 2039 510 2093 quale
526 2053 605 2094 per
620 2039 663 2082 le
680 2052 762 2081 sue
779 2039 1001 2094 pecorelle
1018 2038 1224 2082 smarrite
1242 2038 1283 2096 (o
1304 2039 1444 2082 bonta
1464 2037 1654 2094 infinita)
1673 2037 1710 2081 si
1728 2038 1826 2083 exi--

191 2114 314 2166 nani,
341 2114 572 2158 facendosi
594 2116 763 2158 huomo
785 2128 865 2171 per
886 2115 1083 2171 portarle
1104 2115 1146 2158 al
1167 2114 1287 2158 ouile
1308 2121 1496 2171 patemo
1519 2129 1650 2170 sopra
1677 2116 1720 2159 le
1741 2129 1829 2158 sue.

194 2205 322 2235 sacre
357 2191 518 2247 spalle,
558 2206 650 2234 non
686 2191 1016 2247 risguardando
1053 2192 1109 2234 al’
1150 2191 1321 2236 altezza
1356 2192 1457 2236 dela
1493 2191 1684 2235 diuinita
1719 2206 1821 2235 sua,

195 2267 371 2322 Questa
391 2267 457 2310 sia
478 2268 520 2310 la
541 2267 658 2311 bella
678 2267 910 2322 memoria,
934 2269 1019 2311 che
1040 2267 1085 2310 di
1107 2267 1182 2311 voi
1204 2268 1341 2312 uoleti
1363 2268 1550 2312 lasciare
1571 2269 1614 2311 al
1635 2269 1821 2321 mondo,

191 2344 358 2399 perche
378 2344 452 2386 dal
474 2343 678 2388 uincerui
694 2344 768 2387 voi
785 2351 946 2396 stesso,
962 2351 1008 2387 et
1025 2343 1333 2398 mortificarui‚
1353 2346 1631 2400 sprezzando
1647 2344 1679 2386 il
1698 2345 1825 2388 fumo

191 2421 406 2473 humano,
432 2435 459 2463 a
480 2420 611 2477 guisa
632 2421 705 2464 del
733 2435 876 2478 grano
904 2421 978 2465 del
1007 2421 1233 2464 frumento
1259 2428 1446 2478 coperto
1468 2427 1588 2464 sotto
1613 2421 1823 2465 l'humile

192 2503 326 2550 terra,
366 2497 597 2554 produreti
633 2512 659 2540 a
695 2512 778 2540 suo
807 2505 957 2554 tempo
983 2497 1014 2540 il
1041 2497 1274 2543 salutifero
1302 2499 1442 2541 frutto
1472 2498 1572 2541 dela
1598 2497 1692 2540 vita
1718 2498 1825 2541 dele.

192 2573 340 2618 anime
363 2589 390 2617 3
403 2574 478 2617 voi
494 2588 758 2626 commesse,
778 2580 823 2618 et
845 2589 871 2618 a
892 2574 969 2617 voi
992 2575 1212 2619 resultara
1233 2575 1377 2631 gloria
1401 2573 1572 2631 quagisi
1594 2587 1684 2616 non
1702 2588 1823 2630 puo-

190 2664 259 2704 ca,
285 2657 330 2695 et
351 2651 426 2694 nel
446 2650 559 2696 cielo
581 2651 831 2695 immortale
859 2650 1041 2695 felicita.
1073 2651 1176 2707 Egli
1203 2653 1229 2695 6
1250 2651 1409 2695 scritto
1438 2651 1511 2693 del
1539 2657 1692 2692 vostro
1713 2664 1823 2706 pre-

191 2727 430 2772 decessore
450 2717 582 2771 santo
602 2727 769 2780 Pietro,
789 2729 875 2770 che
891 2726 983 2783 egli
998 2742 1075 2771 era
1091 2741 1261 2784 pouero
1278 2728 1515 2784 piscatore,
1537 2733 1582 2771 et
1598 2727 1683 2770 che
1699 2740 1822 2770 non-

190 2803 370 2847 dimeno
396 2805 534 2848 lascio
561 2805 604 2849 le
631 2819 713 2848 sue
741 2803 951 2848 straciate
978 2803 1079 2857 reti,
1110 2819 1188 2860 per
1215 2805 1292 2861 pisi
1314 2804 1606 2848 liberamente
1633 2802 1821 2859 seguire

189 2879 333 2924 Giest‘l
370 2881 565 2924 Christo.
597 2882 655 2924 Et
680 2880 744 2924 lui
771 2887 933 2933 stesso,
963 2880 1156 2937 puoiche
1177 2881 1268 2938 egli
1296 2881 1342 2923 fu
1372 2894 1501 2936 papa,
1533 2893 1623 2922 non
1650 2878 1688 2921 si
1710 2893 1816 2923 uer—

187 2970 404 3013 gognaua
417 2958 475 3001 de
491 2957 602 3001 dire:
622 2958 881 3014 Argentum
897 2963 943 3000 et
959 2971 1119 3000 aurum
1137 2971 1227 3000 non
1244 2964 1313 3002 est
1335 2955 1443 2999 mihi
1469 2957 1498 3008 ¹,
1523 2955 1822 2999 monstrando

262 3053 270 3073 ³
323 3051 428 3087 Ac‘r.
449 3052 609 3088 Aposr.
633 3060 690 3097 111,
707 3050 748 3085 6.
