2014 3476
753 307 799 336 22
824 299 995 335 Apmms
1023 306 1114 344 1554
1634 297 1702 343 153

112 402 279 455 scriuo,
300 416 391 458 que
406 401 464 445 de
480 400 542 443 mi
557 408 685 458 parte
701 400 836 444 hable
856 401 867 421 ¹
888 403 914 443 a
935 401 994 443 V.
1019 398 1100 444 S.d
1127 400 1171 443 lo
1193 413 1282 455 que
1304 400 1376 442 del
1399 399 1645 443 entendera
1668 414 1750 443 so-

114 481 196 523 bre
215 479 260 522 10
280 493 370 535 que
392 486 494 522 toca
523 479 566 521 al
593 477 785 535 collegio
807 477 865 520 de
891 477 961 520 los
982 477 1040 520 de
1060 477 1103 520 13
1132 477 1384 534 Compafiia
1403 477 1461 521 de
1482 478 1633 534 Jesus,
1659 491 1750 532 que

114 559 174 600 ha
201 556 402 599 fundado
430 570 488 599 en
517 570 594 599 esa
626 555 792 599 ciudad
827 554 875 598 el'
901 555 1056 610 duque
1092 554 1183 597 don
1219 555 1256 597 F
1258 553 1464 598 rancisco
1499 555 1556 598 de
1593 554 1744 610 Borja.

116 635 227 690 Muy
247 632 544 678 humilmente
566 632 771 690 supplico
793 637 819 676 a
845 634 903 677 V.
934 631 1014 677 S.d
1044 646 1149 688 que,
1181 632 1418 676 conforme
1444 636 1470 675 a
1497 632 1542 675 lo
1568 645 1658 687 que
1678 631 1751 674 di-
1793 675 1794 681 ,

114 725 238 764 xere,
263 711 427 754 mande
454 716 582 754 tener
604 716 702 754 esta
723 710 834 753 obra
854 723 935 766 por
957 715 1032 752 tan
1057 709 1414 761 encomendada,
1439 724 1469 765 y
1491 709 1751 764 fauorecer—

114 788 175 840 13,
206 802 313 844 para
342 801 432 842 que
459 800 618 832 crezca
648 801 679 842 y
712 801 761 831 se
792 792 1054 843 augmente,
1090 800 1221 829 como
1248 787 1292 829 la
1320 785 1533 842 qualidad
1560 786 1677 829 della
1703 785 1750 828 lo

114 864 337 921 requiere,
378 877 491 920 pues
527 864 782 908 redundara
819 863 937 907 della
973 869 1100 907 tanto
1131 862 1327 919 seruicio
1360 866 1386 906 a
1416 861 1529 907 Dios
1562 868 1750 906 nuestro

114 948 267 996 senor,
291 956 321 998 y
344 948 470 985 tanto
491 940 598 984 bien
627 944 652 984 a
676 941 719 984 13
740 939 989 997 republica,
1020 941 1078 984 de
1099 940 1142 983 13
1168 941 1321 984 buena
1348 939 1467 993 vida,
1493 939 1699 983 doctrina
1719 954 1751 996 y

115 1018 323 1075 exemplo
344 1018 402 1062 (16
423 1018 491 1061 los
512 1018 749 1075 religiosos
770 1018 904 1070 della,
930 1031 1020 1074 que
1041 1024 1241 1074 por-este
1263 1024 1471 1074 respecto
1492 1018 1536 1060 10
1558 1015 1750 1072 recibire

113 1110 173 1151 yo
194 1109 253 1138 en
274 1094 478 1152 singular
501 1094 648 1151 gratia
671 1095 729 1139 de
751 1096 809 1138 V.
837 1093 938 1149 B.d,
964 1109 1082 1151 cuya
1110 1109 1220 1151 muy
1241 1101 1372 1138 santa
1393 1109 1587 1151 persona
1608 1108 1748 1138 nues-

116 1179 187 1215 tro
204 1173 351 1217 Sefior
368 1172 542 1229 guarde
559 1172 601 1214 al
617 1172 770 1215 bueno
790 1186 820 1227 y
837 1175 1052 1228 proSpero
1068 1171 1342 1228 regimiento
1363 1172 1421 1214 de
1443 1185 1496 1215 su
1518 1170 1748 1214 vniuersal

113 1249 304 1306 yglesia.
331 1251 401 1292 De
423 1247 678 1293 Valladolid
699 1252 726 1291 3
747 1262 847 1292 xxn
871 1248 946 1293 del
966 1263 1064 1293 mes
1085 1249 1142 1292 de
1163 1248 1295 1292 Abril
1317 1249 1374 1292 de
1396 1261 1553 1292 MDL111
1557 1262 1594 1302 J.

201 1327 272 1370 De
294 1327 351 1370 V.
379 1324 458 1371 S.d
479 1340 589 1382 muy
616 1325 820 1370 humilde
846 1340 877 1382 y
905 1326 1075 1370 deuoto
1096 1325 1189 1381 hijo
1216 1326 1321 1369 Don
1352 1325 1574 1382 Philippe,
1601 1340 1684 1382 por
1703 1325 1749 1369 la

112 1402 267 1460 gracia
288 1403 345 1446 de
365 1402 478 1446 Dios
495 1402 697 1459 principe
719 1402 859 1445 delas
881 1403 1086 1459 Espafias
1107 1418 1137 1458 y
1153 1403 1210 1448 de
1231 1403 1298 1446 las
1314 1403 1398 1446 dos
1415 1402 1608 1455 Sicilias,
1634 1408 1744 1455 etc.‚

110 1494 201 1536 que
221 1486 434 1523 vuestros
455 1478 551 1536 pies
572 1494 602 1535 y
623 1494 782 1523 manos
802 1480 928 1532 besa,

518 1557 585 1600 ΕΙ,
619 1560 859 1601 PRfNCIPE.

842 1634 1193 1679 GUNDISALVUS
1226 1637 1489 1679 PEREzms.

111 1764 259 1812 duplici
276 1764 485 1811 semlfolio,
504 1776 542 1800 n.
563 1763 624 1811 84,
642 1764 750 1811 prius
768 1775 808 1800 n.
828 1764 911 1810 288,
930 1763 1015 1812 289,
1036 1764 1152 1801 simul
1170 1777 1259 1801 cum
1277 1765 1379 1808 aliis,
1398 1777 1498 1813 quae
1516 1764 1579 1801 hie
1596 1764 1751 1810 damus,

112 1824 291 1871 ejusdem
308 1823 494 1871 principis
513 1823 790 1860 monumentis.

186 1886 197 1907 ¹
248 1884 371 1920 «Cum
389 1885 543 1930 legatus
557 1883 807 1931 Imperatoris
822 1895 869 1919 eo
883 1889 1074 1931 tempore,
1088 1884 1257 1921 Senensi
1274 1885 1379 1921 bello
1393 1890 1621 1932 occupatus,
1641 1888 1753 1919 extra

111 1944 260 1981 Urbem
284 1948 406 1989 esset,
430 1943 673 1979 Secretarius
704 1943 904 1979 Montessa
930 1943 1246 1991 [Ferdinandus],
1276 1945 1344 1992 qui
1373 1943 1459 1991 ejus
1483 1945 1569 1980 loco
1592 1942 1753 1990 negotia

108 2002 327 2051 principum
350 2004 505 2039 illorum
524 2004 682 2050 agebat,
708 2002 912 2038 Summum
930 2003 1162 2039 Pontificem
1185 2013 1200 2039 1
1212 2005 1246 2039 .“
1264 2004 1498 2040 Decembris
1515 2003 1632 2050 hujus
1656 2003 1751 2039 anni

106 2063 300 2099 allocutus
324 2068 423 2098 est.»
442 2062 662 2107 POLANCO‚
691 2067 719 2098 t.
741 2071 799 2108 lv,
817 2073 910 2109 pag.
939 2071 996 2107 12,
1015 2075 1054 2099 n.
1078 2063 1296 2100 11.—Vide
1316 2063 1432 2111 epist.
1452 2063 1694 2111 superiorem
1713 2068 1755 2098 et

107 2127 335 2169 sequentes.
356 2123 476 2158 Porro
494 2123 649 2168 legatus
666 2121 798 2158 Caroli
817 2122 866 2166 V,
885 2122 953 2169 qui
970 2123 1129 2159 senensi
1143 2124 1248 2159 bello
1266 2123 1333 2159 illo
1347 2129 1523 2170 tempore
1538 2123 1753 2170 occupaba-

107 2186 186 2227 tur,
205 2186 288 2216 erat
306 2182 479 2227 Joannes
497 2181 700 2229 Manrique
723 2180 773 2216 (16
797 2180 910 2227 Lara,
936 2186 979 2217 ut
1004 2181 1104 2217 infra
1127 2182 1298 2219 dicetur.
1327 2181 1597 2218 Ferdinandus
1621 2186 1753 2217 autem

107 2240 208 2276 Ruiz
224 2239 274 2276 de
291 2240 447 2288 Castro,
464 2240 636 2276 marchio
653 2240 702 2276 de
721 2239 866 2284 Sarria‚
884 2252 1001 2288 quem
1020 2247 1212 2278 oratorem
1226 2242 1267 2278 in
1280 2243 1419 2278 urbem
1433 2242 1536 2278 mitti
1554 2240 1748 2277 sociorum

107 2298 417 2346 hispaniensium
435 2300 626 2347 epistolae
644 2299 817 2344 tradunt,
837 2300 968 2347 Epist.
994 2301 1161 2344 Mixtae,
1190 2307 1224 2338 t.
1246 2311 1303 2347 111,
1329 2312 1423 2349 pag.
1452 2300 1523 2346 350
1546 2308 1587 2336 et
1609 2300 1694 2346 460,
1714 2299 1755 2335 in

108 2359 262 2394 Italiam
280 2371 358 2396 non
375 2360 494 2396 solvit
511 2372 635 2408 usque
653 2359 702 2395 ad
721 2358 897 2406 Aprilem
921 2362 1124 2408 sequentis
1144 2362 1236 2398 anni
1261 2369 1369 2407 1555.
1401 2361 1621 2405 POLANCQ
1649 2364 1680 2395 t.
1711 2368 1756 2405 v,

107 2429 204 2465 pag.
227 2427 312 2464 441,
331 2431 375 2455 n.
402 2419 510 2455 1186.
