2014 3470
293 258 363 304 458
716 262 717 265 ’
790 260 1022 297 EmsToLAE
1047 261 1258 297 ΜιΧΤΑΕ-
1264 270 1332 307 901

245 361 319 404 del
351 359 504 417 signor
536 361 697 405 Sarata
717 360 764 404 in
793 362 938 405 fauor'
965 363 1037 406 del
1065 361 1322 406 santissimo
1342 363 1599 419 sepulchro,
1631 347 1749 420 porti
1777 366 1883 409 seeo

248 443 366 481 tutte
393 438 436 480 le
464 437 542 494 piu
570 439 699 483 calde
734 437 1193 483 raccommandationi
1223 441 1308 482 che
1336 439 1374 483 si
1392 454 1596 496 ,possano
1627 441 1720 485 fare
1747 455 1881 498 sopra
1904 491 1909 495 .

246 514 364 558 della
395 521 534 568 terra,
566 515 840 560 nondimeno
867 516 910 559 la
939 515 1407 561 raccommandatione
1435 523 1593 561 uostra
1619 517 1680 560 mi
1709 518 1734 561 e
1762 524 1880 562 stata

248 590 525 649 gratissima,
556 607 637 648 per
657 594 814 637 hauer'
845 593 1018 636 hauuto
1046 591 1284 636 occasione
1311 591 1356 636 di
1384 607 1598 637 receuere
1618 600 1770 639 vostre
1791 595 1877 638 let·

248 674 359 722 tere,
385 683 513 713 come
534 668 733 726 imagine
754 669 859 714 delli
881 668 1028 713 nostri
1048 668 1307 714 suauissimi
1329 669 1559 726 colloquij.

337 746 531 790 Accetto
553 747 691 789 molto
714 745 957 791 uolontieri
980 747 1022 790 la
1044 745 1262 790 oblation'
1285 761 1368 791 sua
1383 747 1440 792 de
1456 761 1649 805 pregare
1669 747 1701 790 il
1723 747 1880 804 signor

246 821 334 866 Dio
357 837 437 879 per
459 838 547 878 me,
572 824 629 867 ne
651 822 694 867 io
716 837 853 880 posso
876 824 990 867 altro
1013 822 1214 869 offerrire
1230 823 1456 877 incontro,
1478 838 1527 867 se
1544 839 1636 868 non
1658 838 1882 881 propensa

247 900 434 943 uolonta
456 900 502 942 di
524 900 713 944 seruirla
735 914 824 944 con
847 901 1003 944 tutto'l
1024 914 1179 954 cuore,
1205 907 1251 946 et
1274 915 1362 944 con
1379 907 1495 945 tutte
1512 901 1555 945 le
1573 902 1694 945 forze
1712 900 1816 954 mie,
1835 907 1882 945 et

246 991 423 1033 sempre
434 978 649 1021 receuero
662 992 742 1034 per
753 992 927 1021 somma
938 977 1087 1035 gratia
1102 977 1207 1021 tutti
1219 977 1283 1035 gli
1295 977 1705 1022 commandamenti
1718 977 1877 1022 uostri.

246 1054 317 1097 Da
339 1053 547 1107 Venetia,
573 1053 604 1096 il
626 1068 726 1099 XVII
751 1055 1013 1099 Nouembre
1041 1066 1090 1110 15
1097 1065 1168 1110 54.
1194 1054 1252 1098 Di
1282 1056 1339 1099 V.
1372 1056 1425 1098 P.
1452 1054 1877 1108 observandissimo,

1156 1133 1391 1176 PHILIPPO
1423 1132 1697 1177 ARCHINTO.

335 1208 595 1265 Inscriptio:
616 1208 646 1266 †
669 1209 729 1252 Al
750 1209 1020 1254 Reuerendo
1043 1210 1105 1253 M.
1133 1208 1303 1253 Gnatio
1319 1208 1512 1262 Noiana,
1538 1207 1770 1266 proposito
1793 1223 1879 1266 ge-

244 1286 397 1330 nerale
417 1286 535 1328 della
555 1285 812 1330 santissima
834 1285 1117 1343 Compagnia
1138 1286 1196 1331 de
1210 1287 1338 1344 Jesu‚
1362 1301 1389 1330 a
1411 1287 1572 1332 Roma.

245 1456 433 1493 Senatum
463 1458 660 1493 Venetum
690 1469 823 1494 secum
853 1458 1062 1495 adduxit...
1088 1458 1292 1505 Agebatur
1316 1457 1420 1494 enirn
1438 1458 1487 1494 de
1513 1458 1715 1505 republica
1737 1456 1805 1493 illa
1828 1457 1877 1493 ad

244 1518 343 1553 hane
373 1517 732 1554 confraternitatem
762 1517 856 1565 [Sti.
891 1517 1085 1566 Sepuleri]
1116 1517 1413 1554 adducenda...»
1445 1518 1565 1554 Porro
1593 1517 1643 1553 de
1671 1516 1879 1553 sodalitate

245 1575 319 1612 Sti.
339 1572 521 1623 Sepuleri'
535 1576 723 1623 seriptum
741 1581 802 1612 est
819 1577 962 1623 Ignatii
987 1577 1146 1613 nomine
1170 1577 1219 1612 ad
1242 1576 1410 1623 collegia
1433 1577 1642 1613 universae
1667 1575 1879 1612 Societatis

246 1643 262 1670 1
283 1635 376 1682 Maji
396 1644 499 1681 1554:
521 1636 671 1673 «Credo
690 1636 775 1672 sera
792 1636 970 1672 avvisata
983 1637 1126 1673 Vostra
1139 1637 1368 1672 Reverenza
1381 1646 1492 1672 come
1505 1635 1635 1684 questi
1647 1635 1777 1682 giorni
1791 1646 1878 1682 pas-

242 1694 316 1730 sati
333 1694 375 1730 fu
393 1696 689 1731 solennemente
707 1695 932 1742 pubblieata
949 1697 1016 1731 un’
1036 1695 1437 1732 Archiconfraternita
1453 1695 1516 1731 del
1536 1695 1656 1731 Santo
1673 1694 1876 1742 Sepolcro,

242 1754 465 1790 trovandosi
483 1754 593 1802 quasi
612 1754 704 1790 tutti
722 1754 748 1790 li
767 1754 964 1790 Cardinali
981 1754 1020 1790 di
1034 1755 1158 1791 Roma
1171 1756 1274 1790 nella
1287 1754 1419 1791 chiesa
1432 1754 1535 1790 della
1549 1745 1739 1799 Minerva,
1755 1765 1777 1789 e
1791 1765 1876 1801 pre-

240 1812 404 1849 dicando
423 1826 475 1849 un
493 1814 673 1849 Vescovo
690 1814 716 1849 il
730 1813 809 1849 fine
826 1813 866 1849 di
883 1815 1086 1861 tal'opera.
1105 1814 1136 1850 Il
1155 1815 1270 1862 quale
1284 1814 1306 1850 ὲ
1325 1814 1474 1861 ajutare
1488 1813 1515 1849 li
1534 1812 1668 1860 tempij
1685 1812 1875 1849 materiali

240 1883 262 1908 e
280 1872 307 1908 li
326 1872 420 1919 vivi,
441 1878 549 1909 tanto
567 1873 607 1909 in
625 1873 921 1909 Gerusalemme
945 1878 1090 1921 quanto
1115 1873 1154 1910 in
1178 1875 1276 1909 altre
1299 1873 1454 1920 regioni
1476 1872 1526 1908 de
1550 1873 1740 1917 Levante3
1760 1871 1875 1919 peril-

239 1932 311 1968 che
330 1931 408 1968 Sua
427 1932 578 1968 Santita
601 1932 640 1968 fa
658 1932 861 1968 menzione
885 1932 979 1969 delli
1001 1933 1158 1980 collegii
1181 1933 1284 1969 della
1306 1938 1440 1969 nostra
1457 1931 1713 1979 Compagnia‚
1740 1942 1817 1967 uno
1834 1931 1876 1967 in

239 1990 550 2037 Gerusalemme,
569 1992 667 2028 altro
685 1991 725 2027 in
743 1991 1070 2040 Costantinopoli,
1090 1994 1188 2028 altro
1206 1992 1246 2028 in
1270 1992 1406 2039 Cipro.
1436 1992 1511 2027 Dio
1538 1991 1683 2027 Nostro
1708 1989 1876 2037 Signore

239 2061 282 2086 se
299 2061 349 2085 ne
364 2061 478 2086 serva
494 2050 533 2086 di
551 2050 643 2086 tutti
661 2062 682 2086 a
699 2050 892 2087 beneficio
909 2051 1130 2088 universale
1148 2051 1251 2087 della
1269 2063 1339 2087 sua
1357 2050 1537 2087 Chiesa.»
1560 2049 1706 2086 cartas
1723 2050 1770 2085 de
1789 2049 1875 2085 San

240 2110 419 2157 Ignacio,
441 2114 473 2145 t.
496 2118 552 2152 lv,
570 2121 664 2157 pag.
687 2118 754 2156 451
776 2115 816 2146 et
837 2109 917 2146 136.
