2054 3496
349 310 396 346 36
842 310 1080 345 EplsTOLAE
1106 307 1394 354 MixrAE-753

295 413 467 468 omnes)
490 426 659 468 magna
681 411 727 454 in
749 410 847 456 dies
870 412 1159 456 decrementa
1181 410 1365 467 patitur,
1392 409 1634 456 restaurari
1655 424 1708 454 ac
1724 409 1934 454 renouari

294 490 489 534 valeant.
529 489 622 534 Sed
649 495 835 532 senatus
862 489 1064 532 nondum
1099 488 1213 531 Rdo.
1250 487 1374 532 Patri
1409 487 1663 544 respondit,
1695 486 1782 531 nisi
1809 486 1935 543 quod

291 581 428 623 super
450 569 534 609 hac
557 579 607 609 re
627 565 877 610 deliberare
899 565 1054 612 velint.
1082 565 1204 608 Idem
1225 564 1302 608 hic
1324 565 1465 608 Rdus.
1489 566 1624 608 Pater
1641 564 1779 607 mittit
1796 565 1848 607 P.
1872 564 1930 608 V.

291 658 374 700 pro
394 643 588 700 collegio
610 641 851 688 Societatis
880 655 961 686 100
983 655 1161 694 aureos,
1186 648 1231 685 et
1253 641 1383 697 plura
1405 641 1586 686 mittere
1606 641 1826 686 decreuit.

377 720 521 764 Diues
543 706 726 776 quidam
748 718 862 763 ciuis
884 718 1132 763 coloniensi
1154 717 1373 763 Societati
1390 719 1579 761 domum
1595 719 1703 763 dare
1719 717 1930 771 intendit,

287 797 420 841 cuius
442 796 562 840 filius
583 796 631 840 in
654 795 827 840 artibus
848 802 1083 853 promotus
1105 802 1150 838 et
1167 794 1395 847 sacerdos,
1416 794 1698 838 naturalibus
1713 796 1831 840 bene
1847 795 1931 839 do—

288 882 427 927 tatus,
452 875 631 927 doctus,
658 884 713 928 27
737 888 976 925 annorum,
998 886 1047 916 se
1064 878 1247 915 nostrae
1268 873 1279 892 ¹
1300 870 1518 916 Societati
1549 870 1690 924 dedit,
1710 871 1931 928 nobisque

285 950 611 1004 nescientibus,
637 957 745 994 voto
766 949 1008 993 scolarium
1040 963 1088 992 se
1118 948 1420 1001 confirmauit,
1445 948 1568 1004 quod
1600 955 1702 1004 post
1730 948 1826 992 dies
1848 949 1927 992 ali-

287 1029 409 1085 quod
430 1028 561 1072 nobis
583 1026 817 1070 indicauit.
854 1026 1049 1070 Multum
1078 1040 1149 1070 me
1177 1025 1401 1069 recreauit
1429 1026 1577 1069 bonus
1606 1024 1705 1069 eius
1733 1024 1928 1080 animus,

287 1106 458 1151 Christi
485 1119 636 1149 amore
665 1111 788 1147 totus
818 1117 1054 1148 accensus.
1088 1102 1287 1159 Quidam
1315 1102 1447 1156 alius,
1472 1102 1519 1146 in
1547 1103 1794 1147 Februario
1822 1117 1930 1160 pro-

284 1184 543 1228 mouendus
564 1182 611 1224 in
634 1181 822 1234 artibus,
847 1180 1130 1224 naturalibus
1152 1179 1287 1223 etiam
1310 1181 1428 1225 bene
1449 1181 1648 1235 dotatus,
1674 1195 1731 1225 ex
1758 1180 1930 1225 ditissi—

287 1261 373 1304 mis
394 1260 531 1303 huius
553 1258 768 1311 ciuitatis,
793 1272 843 1302 se
865 1264 1010 1302 totum
1041 1257 1260 1303 Societati
1289 1257 1424 1302 etiam
1453 1258 1562 1302 dare
1590 1258 1732 1315 cupit,
1757 1265 1803 1302 et
1827 1259 1930 1315 plu—

287 1353 360 1383 res
384 1337 474 1381 alii.

376 1417 478 1458 Hoc
501 1421 703 1470 tempore
724 1412 887 1456 natalis
910 1412 1096 1456 Domini
1111 1412 1408 1469 plurimorum
1426 1413 1735 1458 confessiones
1751 1412 1924 1467 audiui,

287 1499 377 1536 tam
400 1492 447 1535 in
469 1490 661 1537 ecclesia
675 1489 938 1547 parochiali,
959 1504 1094 1545 quam
1116 1490 1164 1532 in
1185 1490 1353 1545 templo
1371 1496 1526 1533 sancte
1544 1490 1709 1533 Vrsule
1724 1497 1770 1533 et
1793 1490 1927 1533 soda—

285 1570 395 1612 lium
418 1569 515 1613 eius
538 1570 570 1621 ²,
596 1574 641 1612 et
664 1567 762 1611 aliis
784 1566 831 1610 in
858 1567 984 1610 locis.
1022 1566 1230 1624 Magistri
1263 1566 1503 1611 scolarium
1531 1582 1635 1610 cum
1669 1581 1827 1611 eorum
1857 1566 1928 1611 di-

284 1646 470 1702 scipulis
498 1644 745 1689 confitendi
774 1644 922 1701 gratia
943 1644 1078 1687 etiam
1101 1645 1157 1687 ad
1179 1658 1262 1687 nos
1290 1651 1529 1688 venerunt.
1562 1644 1710 1688 Variis
1738 1644 1786 1687 in
1813 1644 1929 1688 locis

281 1723 526 1767 conciones
548 1721 704 1776 habui,
729 1721 853 1764 adfui
876 1721 1010 1766 etiam
1028 1720 1317 1764 incarceratis
1334 1729 1540 1775 vocatus,
1560 1735 1639 1765 eos
1656 1722 1713 1765 ad
1740 1721 1927 1766 meliora

279 1800 564 1845 ⁴exhortando
586 1806 632 1842 et
654 1798 965 1843 confessiones
988 1798 1231 1853 audiendo,
1255 1798 1436 1855 plurimi
1458 1798 1594 1842 etiarn
1615 1799 1746 1842 nobis
1763 1799 1922 1843 adfue-

282 1884 390 1920 runt
412 1876 694 1928 consulendi,
720 1876 828 1919 boni
850 1875 960 1931 quid
982 1875 1195 1920 audiendi
1217 1875 1379 1932 gratia.

371 1955 616 1998 Aduentus
639 1953 740 1996 Rdi.
763 1952 982 1996 Bernardi
1001 1952 1190 2008 Oliuerij
1212 1952 1298 1995 fuit
1314 1952 1445 1996 nobis
1474 1952 1759 2010 gratissimus
1776 1954 1808 1996 ³:
1834 1968 1924 1997 vna

282 2031 416 2075 simul
434 2031 686 2074 Louanium
710 2029 900 2086 profecti
929 2029 1114 2084 fuimus,
1139 2029 1217 2072 vbi
1244 2045 1270 2073 a
1299 2031 1413 2073 Rdo.
1446 2032 1582 2073 Patre
1605 2029 1808 2074 Adriano
1831 2031 1846 2051 ⁴
1872 2038 1920 2076 et

283 2108 496 2151 fratribus
519 2122 687 2163 magna
708 2121 812 2150 curn
835 2106 1056 2151 charitate
1078 2106 1247 2163 recepti
1276 2106 1460 2150 fuimus.
1495 2109 1605 2151 Post
1632 2107 1729 2151 dies
1751 2107 1922 2163 aliquot

282 2187 334 2228 Ρ.
364 2184 623 2228 Bernardus
643 2185 701 2227 ad
718 2183 907 2240 patriam
926 2182 1243 2239 proficiscitur,
1269 2190 1314 2227 et
1331 2198 1419 2240 ego
1436 2183 1671 2227 Coloniam
1689 2185 1921 2240 profectu-

354 2353 364 2372 ¹
415 2350 487 2384 Ms.
508 2350 655 2384 nostri.

346 2412 363 2430 ⁴²
415 2408 632 2443 Videantur
654 2408 780 2455 Epist.
801 2408 967 2449 Affixtae,
988 2412 1017 2442 t.
1033 2417 1073 2452 11,
1090 2419 1179 2455 pag.
1200 2407 1283 2454 583,
1302 2414 1435 2452 annot.
1457 2418 1492 2444 2.

347 2470 363 2489 ³
415 2468 692 2508 «Recreavit...
714 2472 895 2503 vertente
920 2479 1021 2503 anno
1046 2467 1174 2514 ipsum
1199 2468 1455 2515 [Kesselium]
1479 2480 1567 2504 cum
1594 2470 1712 2506 sociis
1736 2472 1852 2507 allata
1870 2483 1919 2507 ex

278 2529 387 2564 Urbe
412 2527 556 2572 vestis,
580 2539 696 2574 quam
720 2527 898 2572 Ignatius
921 2532 1117 2573 gestatam
1141 2533 1326 2564 contactu
1349 2528 1487 2564 diurno
1517 2536 1752 2565 sacraverat.
1778 2531 1919 2567 Beavit

280 2587 427 2633 insigni
451 2588 523 2622 hoe
549 2598 710 2622 munere
735 2585 957 2632 Collegium
981 2587 1201 2622 Bernardus
1227 2586 1440 2633 Oliverius,
1466 2600 1601 2624 mense
1629 2589 1843 2626 Novembri
1869 2602 1919 2626 ex

276 2646 390 2680 Italia
412 2644 615 2681 Coloniam
639 2646 840 2692 appulsus,
865 2645 1020 2692 dicique
1047 2646 1113 2681 vix
1138 2651 1288 2693 potest,
1315 2659 1391 2694 quo
1416 2648 1559 2683 donum
1589 2649 1663 2684 hoc
1686 2649 1830 2694 gaudio
1850 2650 1916 2686 do-

276 2705 462 2740 mesticos
482 2704 713 2751 perfuderit.
733 2705 858 2740 Nemo
876 2705 951 2740 fuit
969 2705 1062 2751 quin
1081 2706 1305 2751 Ignatianas
1323 2708 1392 2742 has
1417 2706 1579 2743 exuvias
1605 2708 1669 2754 pio
1687 2710 1820 2744 osculo
1848 2723 1914 2747 ve-

276 2770 479 2800 neraretur
497 2770 536 2800 et
555 2764 733 2800 manibus
752 2769 928 2799 versatas
947 2764 1177 2811 inspiceret.
1201 2766 1420 2812 Kesselius,
1439 2771 1482 2801 ut
1499 2767 1676 2802 Fratrum
1691 2768 1792 2804 votis
1806 2770 1921 2806 satis-

275 2824 437 2865 faceret,
458 2835 595 2870 passus
610 2823 768 2859 demum
786 2829 847 2859 est
865 2822 1030 2869 singulis
1056 2823 1244 2859 obvenire
1269 2825 1448 2860 laciniam
1474 2836 1522 2860 ex
1546 2826 1697 2861 manica
1719 2826 1917 2864 frustatim

273 2882 418 2918 divisa.
435 2882 529 2917 Pars
545 2882 695 2929 reliqua
709 2882 954 2917 honoratiore
969 2882 1051 2916 loco
1065 2881 1139 2917 fuit
1153 2883 1361 2928 seposita.»
1377 2884 1690 2928 RElFFENBER63
1706 2886 1814 2923 Hist.
1829 2888 1916 2924 Soc.

266 2941 351 2988 Jes.
373 2942 427 2976 ad
446 2942 628 2976 Rhenum
648 2941 902 2988 inferiorem,
923 2940 991 2976 lib.
1011 2950 1054 2987 11,
1073 2952 1157 2987 cap.
1178 2949 1214 2986 7,
1234 2954 1271 2977 n.
1297 2941 1468 2978 33.—De
1500 2942 1676 2981 Oliverio
1706 2945 1805 2982 infra
1835 2947 1917 2983 edi-

274 3007 339 3037 tur
357 3000 549 3047 epistola,
570 3012 608 3035 n.
633 3000 717 3045 761.

348 3062 363 3082 ⁴
412 3060 538 3095 Notus
557 3065 618 3095 est
635 3060 698 3095 hic
717 3059 912 3095 Adrianus
939 3059 1240 3107 Adriaenssens,
1263 3061 1546 3098 lovaniensium
1571 3064 1763 3100 sociorum
1781 3066 1916 3102 mode—

277 3124 395 3155 rator.
