2034 3476
821 296 844 332 4
870 287 983 333 JUNn
1010 295 1101 332 1554
1661 299 1731 336 225

901 567 1023 608 824

618 667 970 706 HIERONYMUS
994 668 1293 707 DOMENECH

510 755 696 798 PATRI
726 754 991 799 IGNATIO
1023 755 1107 798 DE
1138 755 1394 800 LOYOLA

675 857 880 886 panormo
905 858 928 894 4
953 857 1060 892 Junn
1088 857 1180 895 1554
1208 851 1234 885 ¹.

134 935 327 981 Joannem
343 932 595 969 Dominicum
611 932 661 968 de
679 931 887 979 Mercurio,
912 931 1119 968 cardinalis
1150 932 1371 969 mamertini
1393 932 1566 976 fratrem,
1587 934 1627 970 in
1644 945 1773 971 carce-

204 1004 288 1029 rem
317 1003 340 1027 a
364 1002 529 1039 prorege
553 990 676 1027 fuisse
700 991 1207 1038 conjectum-Negotium
1235 992 1285 1028 de
1308 991 1500 1028 coenobio
1518 993 1774 1030 Ascensionis

212 1051 556 1098 urgendum.——De
579 1051 746 1086 Isabella
768 1050 818 1086 de
848 1051 974 1097 Vega,
999 1050 1208 1086 Francisco
1236 1051 1390 1098 Porcio,
1415 1051 1614 1099 Stephano
1642 1053 1772 1089 adole-

211 1116 362 1158 scente,
379 1111 488 1146 caelo
502 1110 582 1157 jam
600 1116 808 1145 maturo.—
817 1111 877 1145 De
894 1109 1062 1156 collegio
1080 1111 1443 1157 syracusan0.—De
1460 1110 1618 1147 abbatia
1635 1111 1773 1149 Novae

210 1171 437 1207 lucis.-De
466 1169 696 1206 lustratione
724 1169 951 1205 dioeceseos
982 1169 1318 1206 cefalensis.-De
1347 1169 1516 1208 Octavio
1545 1170 1702 1219 Cesari‚
1729 1172 1769 1208 in

207 1230 436 1278 Hispaniam
453 1234 670 1277 opportuno
688 1237 864 1276 tempore
882 1228 1127 1275 navigaturo.

936 1311 967 1369 †

218 1412 331 1467 Muy
351 1409 465 1453 Rdo.
491 1423 549 1452 en
570 1407 656 1452 X.⁰
685 1408 847 1451 Padre.
884 1409 980 1451 Pax
1008 1407 1086 1451 X.i
1111 1407 1255 1453 Ahier
1283 1408 1418 1452 scriui
1447 1413 1473 1452 a
1503 1410 1561 1453 V.
1594 1412 1646 1453 P.
1679 1424 1766 1454 con

130 1487 288 1544 prissa,
322 1485 625 1531 entendiendo
657 1499 747 1541 que
778 1485 820 1529 el
851 1485 1080 1542 despacho
1109 1499 1160 1529 se
1190 1489 1335 1542 partia
1370 1486 1524 1543 luego:
1569 1487 1766 1543 despues

129 1571 226 1608 esta
252 1570 443 1607 mafiana
472 1563 487 1584 ²
517 1565 575 1606 he
602 1562 847 1607 entendido
875 1566 1006 1606 como
1033 1576 1094 1605 no
1120 1576 1170 1606 es
1198 1562 1392 1619 partido,
1422 1577 1453 1618 y
1480 1566 1578 1606 ansi
1606 1563 1765 1620 pienso

129 1655 218 1686 con
239 1647 337 1686 esta
356 1639 518 1684 scriuir
537 1641 619 1683 dos
639 1643 668 1683 6
689 1647 780 1684 tres
802 1653 931 1683 cosas
952 1654 1042 1696 que
1063 1653 1136 1683 me
1156 1639 1307 1683 oluide
1324 1655 1383 1684 en
1403 1640 1446 1683 la
1466 1646 1580 1684 otra.

217 1719 271 1762 El
285 1717 435 1774 virrey
450 1719 510 1761 ha
526 1719 640 1762 echo
660 1731 865 1760 carcerat
882 1717 925 1760 al
939 1718 1157 1760 hermano
1174 1718 1189 1739 ³
1207 1717 1282 1760 del
1298 1717 1525 1770 cardenal,
1546 1725 1632 1761 etc.
1645 1752 1655 1772 ‚
1675 1732 1761 1762 con

129 1796 293 1839 mucha
300 1794 494 1851 justitia,
518 1809 549 1850 y
568 1795 629 1837 ha
648 1794 873 1837 mandado
894 1807 944 1837 se
966 1801 1119 1837 tomen
1139 1794 1206 1837 las
1222 1793 1582 1838 informationes:
1602 1794 1761 1851 pienso

126 1887 203 1917 sea
223 1873 357 1916 sobre
378 1871 542 1916 ciertos
563 1871 734 1914 officios
755 1885 845 1926 que
867 1870 1046 1914 vendio.
1073 1871 1191 1914 Creo
1213 1884 1303 1925 que
1323 1872 1464 1914 habra
1491 1871 1759 1927 disposition

123 1950 181 1994 de
201 1950 343 1994 hauer
371 1949 416 1992 10
444 1963 534 2005 que
560 1963 610 1993 se
638 1948 872 2004 pretendia
900 1947 1033 1993 sobre
1052 1948 1097 1991 la
1123 1947 1396 1992 Ascension:
1421 1963 1481 1991 no
1508 1949 1656 1992 dexen
1677 1963 1761 2005 por

121 2025 335 2070 charidad
355 2026 411 2070 de
434 2032 582 2069 tentar
601 2026 646 2068 10
668 2039 758 2081 que
778 2039 828 2068 se
849 2023 1037 2081 pudiere
1057 2039 1213 2082 agora,
1234 2024 1304 2067 sin
1321 2025 1490 2068 tocarle
1511 2026 1629 2069 nada
1648 2025 1758 2070 des-

121 2110 182 2155 to,
206 2117 379 2159 porque
400 2102 557 2159 pienso
578 2103 621 2147 16
641 2103 843 2146 hallaran
864 2106 961 2145 mas
983 2101 1231 2158 dispuesto.

206 2181 272 2224 La
293 2186 455 2223 sefiora
475 2179 680 2235 duquesa
701 2180 717 2200 ⁴
740 2193 812 2223 me
828 2180 888 2222 ha
904 2179 1066 2222 tocado
1083 2185 1182 2222 otra
1197 2193 1280 2222 vez
1297 2179 1430 2222 sobre
1446 2179 1538 2222 don
1555 2180 1699 2222 Paulo
1718 2181 1751 2232 ⁵,

110 2265 208 2306 ¹que
226 2251 271 2295 10
288 2254 468 2309 querria
488 2265 597 2308 para
614 2250 791 2294 Biuona
807 2265 837 2307 y
859 2251 1093 2295 confessor
1110 2264 1245 2306 suyo:
1265 2264 1325 2306 yo
1341 2251 1383 2294 16
1406 2250 1495 2308 [he]
1513 2250 1647 2294 dicho
1664 2265 1753 2306 que

190 2438 200 2458 ¹
250 2436 310 2471 Ex
328 2435 567 2482 autographo
584 2434 624 2470 in
641 2436 719 2470 vol.
739 2436 786 2482 E,
805 2434 953 2482 duplici
969 2434 1077 2480 folio,
1096 2446 1135 2469 n.
1151 2422 1212 2476 832
1231 2434 1338 2482 prius
1360 2442 1445 2479 157.

187 2494 203 2515 ⁸
252 2496 325 2531 Ms.
344 2507 535 2542 manaya.

187 2555 202 2576 ³
251 2555 422 2601 Joannes
438 2553 683 2600 Dominicus,
699 2552 821 2589 frater
836 2552 1043 2589 cardinalis
1060 2551 1295 2599 mamertini,
1314 2553 1475 2599 Joannis
1494 2553 1673 2588 Andreae
1698 2553 1749 2588 de

114 2613 319 2659 Mercurio,
337 2613 387 2649 de
403 2613 545 2660 quibus
563 2612 658 2649 satis
672 2612 841 2648 diximus
859 2624 989 2660 supra,
1003 2617 1032 2647 t.
1048 2621 1104 2656 111,
1120 2612 1240 2659 epist.
1257 2610 1343 2657 713,
1360 2611 1446 2657 733,
1464 2611 1548 2657 734,
1567 2611 1650 2657 735,
1667 2618 1743 2647 etc.

111 2671 212 2708 Illud
228 2676 360 2708 tamen
376 2671 764 2708 animadvertendum
783 2677 858 2718 est,
877 2672 1089 2707 Polancum
1106 2671 1238 2706 dicere
1255 2670 1462 2706 cardinalis
1481 2671 1746 2706 messanensis

108 2732 268 2767 fratrem
283 2730 405 2766 fuisse
422 2742 445 2766 a
461 2731 588 2778 Vega,
605 2742 785 2778 prorege,
799 2731 841 2767 in
857 2741 1054 2766 carcerem
1071 2730 1291 2777 conjectum
1306 2729 1454 2778 aliquot
1468 2736 1557 2766 ante
1571 2741 1744 2776 menses,

109 2791 192 2826 scil,
211 2794 302 2826 ante
319 2790 579 2826 Decembrem
600 2789 702 2836 1553:
719 2790 809 2826 vide
823 2789 939 2837 epist.
959 2788 1044 2836 733,
1063 2795 1090 2825 t.
1110 2799 1168 2835 111,
1188 2799 1278 2836 pag.
1297 2788 1381 2824 680:
1398 2789 1485 2824 heic
1502 2800 1594 2824 vero
1621 2788 1742 2835 loqui-

107 2856 170 2886 tur
193 2849 420 2885 Domenech
442 2849 554 2895 quasi
575 2848 624 2885 de
647 2860 705 2896 re,
730 2861 830 2897 quae
854 2860 978 2896 nuper
1002 2848 1201 2884 acciderit.
1226 2847 1352 2894 Igitur
1382 2849 1445 2883 vel
1469 2848 1517 2882 de
1544 2847 1682 2883 iterata
1701 2848 1740 2883 in

106 2921 302 2946 carcerem
319 2907 564 2954 conjectione
582 2920 709 2944 sermo
726 2921 830 2945 nunc
854 2914 931 2956 est,
956 2910 1019 2945 vel
1044 2909 1235 2944 Polancus
1259 2910 1391 2956 lapsus
1416 2913 1476 2943 est
1501 2907 1540 2943 in
1565 2912 1740 2953 tempore

106 2969 269 3016 hujusce
286 2968 344 3004 rei
361 2966 596 3002 definiendo.
611 2967 678 3004 Cf.
701 2968 921 3015 POLANco,
938 2973 968 3004 t.
986 2978 1042 3013 111,
1061 2979 1150 3015 pag.
1167 2967 1340 3014 227-228,
1358 2979 1396 3003 n.
1418 2975 1500 3011 501.

180 3030 195 3050 ⁴
244 3027 447 3063 Elisabeth
464 3026 514 3061 de
532 3026 662 3072 Vega.

182 3089 197 3110 ⁵
245 3087 390 3122 Paulus
407 3085 456 3120 de
475 3085 652 3121 Achillis.

288 3151 480 3180 Eris-ronam
499 3149 645 3186 Mxxrn,
669 3157 744 3179 ron.
766 3157 815 3179 xv.
1491 3149 1524 3177 15
