2060 3450
813 268 860 305 24
886 259 1055 295 Apmms
1084 266 1174 304 1555
1688 257 1763 294 603

183 365 330 411 Giesu
352 362 552 415 Christo,
577 375 670 404 non
691 375 770 417 per
792 358 1034 417 riposarui‚
1065 373 1138 401 ma
1165 373 1247 415 per
1275 357 1470 402 imitarlo
1497 358 1542 402 in
1570 365 1751 415 portare
1771 360 1820 403 la

187 455 334 494 croce,
359 454 490 484 come
511 440 537 482 e
559 437 732 482 scritto:
764 438 837 481 Tu
864 451 936 481 me
963 450 1154 491 sequere
1184 437 1214 478 ¹:
1244 434 1419 492 pigliati
1441 442 1600 492 questa
1620 435 1817 493 impresa

186 520 561 569 valorosamente,
586 514 856 559 chiamando
877 513 924 556 in
946 512 1135 570 aggiuto
1155 519 1309 568 vostro
1331 513 1481 568 quello
1502 513 1820 570 omnipotente

186 596 275 641 Dio
295 594 383 638 deli
404 592 607 646 exerciti,
632 594 704 635 ch'
728 592 754 635 e
781 591 826 634 la
851 589 1011 634 istessa
1031 603 1159 646 pace,
1184 597 1230 634 et
1249 589 1338 633 Dio
1358 589 1403 632 di
1424 605 1552 647 pace,
1576 597 1621 634 et
1644 606 1735 634 non
1756 591 1821 636 (16

187 670 482 722 dissensione,
508 668 632 712 accio
653 667 874 725 puossiati
896 680 996 710 com
1017 667 1047 709 l’
1072 663 1264 723 aggiut'o
1291 681 1375 710 suo
1402 674 1593 711 mettere
1614 682 1726 724 pace
1748 668 1815 712 fra

189 748 337 806 questi
352 747 427 791 doi
445 745 607 790 fratelli
623 745 671 788 in
687 743 887 798 Christo,
900 743 1042 787 vostri
1057 743 1234 800 figlioli.
1250 744 1302 787 L’
1318 743 1545 787 authorita
1558 751 1711 788 vostra
1722 746 1822 802 puo

188 826 328 869 molto
343 824 391 867 in
413 830 590 879 questo,
615 821 804 866 insieme
826 835 926 864 com
947 821 992 864 la
1012 827 1169 864 sancta
1190 820 1535 874 existimatione,
1555 823 1688 877 quale
1704 822 1825 867 siha

189 903 247 947 de
259 908 413 945 vostra
429 913 637 956 persona.
652 897 701 943 Si
718 912 808 941 vno
826 897 1084 950 Ambrosio,
1099 897 1144 940 di
1158 896 1331 941 minore
1345 897 1571 941 authorita
1583 906 1629 942 et
1641 898 1819 956 dignita

191 981 275 1023 che
295 977 386 1031 voi,
411 976 552 1020 stinse
573 976 603 1017 l’
631 974 840 1032 orgoglio
856 975 900 1017 d’
924 988 1015 1017 vno
1035 973 1304 1031 imperatore
1321 975 1593 1028 Theodosio,
1613 983 1658 1019 et
1674 977 1706 1019 1’
1728 978 1817 1020 hu—

191 1056 314 1099 milio
330 1070 357 1099 a
378 1055 466 1097 tale
483 1052 739 1110 penitenza,
762 1052 928 1108 perche
943 1051 1034 1104 voi,
1054 1051 1292 1108 aggiutato
1308 1052 1381 1096 dal
1398 1052 1644 1096 medesimo
1660 1053 1824 1110 spirito

191 1134 248 1177 de
268 1132 358 1177 Dio
379 1133 463 1175 che
483 1130 566 1184 lui,
591 1143 683 1172 non
706 1127 901 1185 puotreti
923 1142 1154 1172 smorzare.
1165 1135 1326 1185 questo
1342 1130 1495 1172 fuoco?
1512 1131 1616 1173 Non
1633 1130 1680 1173 ui
1696 1132 1825 1174 sarra

192 1224 298 1254 cosa
319 1208 499 1252 difficile
521 1207 592 1249 col
618 1220 746 1249 mezo
770 1205 871 1250 dela
891 1204 999 1248 viua
1020 1205 1138 1259 fede,
1162 1219 1261 1248 com
1290 1206 1333 1248 la
1360 1207 1492 1262 quale
1519 1207 1662 1263 sapeti
1683 1209 1755 1251 ch'
1781 1208 1831 1252 el

193 1286 326 1330 fidele
347 1284 536 1328 Daniele
564 1284 727 1339 supero
754 1282 784 1325 1’
810 1281 978 1338 impeto
1005 1288 1051 1325 et
1078 1281 1280 1326 voracita
1306 1283 1363 1325 de
1385 1282 1528 1326 rabidi
1556 1283 1690 1338 leoni3
1716 1292 1761 1329 et
1791 1285 1830 1329 11

193 1371 262 1408 116
283 1360 470 1419 giouani
498 1374 710 1405 euassero
731 1359 775 1404 le
803 1359 984 1403 fiamme
1011 1359 1084 1402 del
1112 1360 1299 1404 ardente
1331 1360 1528 1414 fornace,
1554 1368 1600 1404 et
1621 1361 1651 1403 11
1678 1362 1826 1406 5311611

192 1438 514 1495 conquistomo
530 1443 577 1480 et
597 1435 882 1492 subiugorno
898 1435 929 1478 li
946 1435 1091 1492 regni.
1112 1437 1148 1479 F
1151 1435 1311 1479 acciati
1333 1438 1439 1492 quel
1461 1444 1586 1480 tanto
1608 1440 1692 1481 che
1708 1453 1829 1495 puo—

194 1516 275 1561 teti
296 1530 376 1572 per
396 1513 599 1566 reunirli,
625 1512 750 1556 accio
771 1512 1035 1557 satisfaciati
1052 1513 1230 1557 almeno
1253 1514 1295 1556 al
1316 1513 1469 1558 debito
1486 1515 1559 1558 del
1575 1515 1725 1559 vfficio
1741 1531 1824 1560 vo-

194 1600 303 1637 stro.
330 1593 387 1635 Et
409 1604 459 1634 se
481 1589 588 1633 forsi
609 1589 642 1631 li
663 1588 836 1645 peccati
858 1589 932 1632 del
953 1590 1119 1632 mondo
1135 1589 1428 1646 impedissero
1445 1599 1603 1646 questa
1620 1593 1824 1636 reconci—

194 1669 393 1721 liatione,
419 1662 520 1710 siati
542 1666 616 1709 voi
638 1665 912 1710 nondimeno
939 1668 1016 1708 vn’
1047 1667 1160 1710 altro
1191 1668 1335 1720 Mose,
1360 1667 1607 1713 mediatore
1638 1670 1706 1713 fra
1736 1669 1830 1714 Dio

196 1753 242 1791 et
262 1745 294 1788 il
316 1745 498 1802 populo,
524 1742 649 1786 accio
670 1757 697 1786 a
728 1742 792 1785 lui
819 1743 1011 1786 essendo
1037 1744 1308 1799 perdonato,
1340 1743 1378 1787 si
1398 1744 1647 1801 pacificano
1678 1747 1827 1802 questi

196 1822 286 1876 doi;
311 1829 356 1866 et
377 1820 552 1864 cridati:
578 1821 675 1863 Aut
694 1819 870 1862 dimitte
887 1819 952 1862 eis
969 1821 1085 1862 113116
1100 1834 1281 1873 noxam,
1302 1828 1396 1874 aut,
1417 1821 1455 1864 si
1470 1837 1562 1865 non
1579 1823 1705 1876 facis,
1725 1824 1828 1869 dele

196 1914 270 1944 me
290 1900 347 1943 de
367 1899 481 1941 libro
504 1905 598 1950 tuo,
624 1911 760 1953 quem
784 1896 1004 1953 scripsisti
1031 1897 1076 1940 ²ss
1099 1899 1156 1940 Et
1185 1898 1283 1941 fatti
1312 1913 1440 1942 come
1461 1901 1567 1955 quel
1594 1902 1718 1944 bono
1738 1903 1829 1960 Job

196 1991 277 2034 per
297 1976 363 2019 soi
385 1973 564 2032 figlioli,
584 1975 659 2018 del
676 1975 810 2030 quale
826 1975 852 2018 ὲ
868 1973 1041 2017 561111οε
1062 1975 1358 2032 Consurgens
1375 1976 1590 2030 diluculo,
1611 1979 1837 2023 offerebat

199 2054 465 2097 holocausta
486 2066 566 2107 per
587 2050 792 2108 singulos
814 2052 848 2094 ³.
882 2050 1074 2095 Offereti
1102 2051 1204 2094 dico
1231 2052 1322 2108 voj,
1354 2054 1439 2096 che
1466 2053 1571 2097 setti
1600 2054 1631 2096 11
1657 2069 1833 2099 sommo

198 2129 450 2180 sacerdote,
476 2127 892 2183 quotidianamente
914 2142 1014 2171 com
1035 2129 1078 2173 le
1098 2135 1251 2174 vostre
1271 2129 1450 2186 proprie
1471 2131 1591 2174 mani
1620 2132 1662 2174 al
1684 2133 1839 2177 Padre·

202 2212 378 2258 eterno,
403 2219 503 2247 com
525 2205 567 2249 le
587 2205 818 2261 lachryme
838 2204 913 2247 alli
932 2205 1094 2261 occhij,
1114 2206 1326 2262 produtte
1342 2208 1416 2250 dal
1437 2207 1740 2252 intensissimo
1761 2210 1832 2252 af-

204 2283 318 2326 fetto
339 2282 413 2325 del
435 2295 572 2324 cuore
592 2288 746 2324 vostro
766 2296 847 2338 per
867 2281 898 2324 li
919 2282 1060 2325 vostri
1080 2282 1254 2339 figlioli,
1275 2284 1424 2339 quella
1444 2283 1730 2329 immaculata
1745 2287 1834 2329 ho-

203 2359 289 2404 stia
302 2392 312 2411 ,
341 2358 373 2400 il
400 2358 474 2401 cui
503 2372 679 2414 sangue
716 2373 877 2414 spezza
913 2358 1024 2415 ogni
1061 2361 1322 2414 adamante,
1347 2363 1460 2419 Jesu
1498 2362 1702 2415 Christo,
1741 2377 1834 2407 suo-

203 2435 390 2493 figliolo,
416 2435 595 2491 agnello
617 2442 807 2480 suenato
829 2450 961 2492 sopra
982 2435 1013 2478 il
1035 2443 1192 2480 tronco
1213 2438 1315 2481 dela
1341 2452 1489 2492 croce,
1514 2454 1594 2495 per
1621 2439 1827 2483 reconci-

204 2512 314 2556 liare
334 2511 366 2554 il
393 2512 559 2554 mondo
588 2526 614 2555 a
640 2511 744 2555 Dio.
778 2513 836 2554 Et
862 2526 954 2555 non
982 2511 1029 2555 ui
1058 2527 1194 2556 moua
1223 2515 1295 2557 ch’
1326 2515 1426 2558 altri
1453 2515 1650 2558 habbino
1672 2517 1837 2560 uoluto-

206 2588 552 2645 reconciliargli,
577 2595 623 2633 et
644 2603 736 2632 non
757 2588 957 2632 habbino
978 2595 1154 2646 potuto,
1185 2593 1350 2647 perche
1372 2591 1459 2635 Dio
1482 2593 1724 2636 benedetto
1745 2594 1839 2638 alle—

205 2666 327 2709 volte
350 2666 485 2708 uuole
507 2666 600 2708 fare
623 2680 710 2708 vna
731 2679 838 2709 cosa
859 2681 938 2722 per
959 2681 1066 2721 vno,
1090 2669 1174 2712 che
1196 2683 1286 2711 non
1311 2670 1448 2713 uuole
1478 2670 1571 2713 fare
1599 2684 1678 2725 per
1699 2671 1836 2723 altro,

208 2757 338 2786 come
356 2743 483 2786 uolse
499 2742 530 2784 il
547 2742 714 2798 tempio
724 2742 770 2785 di
787 2742 1071 2787 Hierusalem
1088 2758 1239 2790 essere
1254 2746 1490 2790 aedificato
1501 2747 1559 2789 da
1575 2747 1840 2801 Salomone,

282 2939 293 2959 ¹
343 2938 470 2983 JOAN.
489 2947 574 2981 xxl,
593 2947 652 2974 22.

279 2997 294 3017 ²
344 2996 480 3031 Exoo.
505 3005 634 3042 xxxu,
653 2996 714 3033 31.

281 3055 297 3076 ³
345 3055 446 3101 J013.
467 3064 496 3102 1,
514 3063 553 3101 5.
