2060 3450
740 287 786 325 24
811 279 981 316 Aemus
1009 285 1100 324 1555
1620 281 1693 328 609

109 379 444 434 comminciare,
457 380 504 423 ui
518 381 578 424 ho
591 381 785 434 redotto,
799 395 928 424 come
941 379 989 424 in
1002 395 1094 424 vno
1107 379 1381 434 memoriale,
1395 381 1543 437 questi
1557 382 1740 437 ricordi,

114 457 236 513 quali
265 457 311 500 vi
339 472 481 514 prego
508 458 565 500 da
593 464 721 514 parte
748 459 805 502 de
832 457 976 502 Giesu
1008 457 1191 501 Christo
1218 464 1443 502 accettare
1470 472 1571 502 com
1593 460 1744 515 quello

115 548 229 590 puro
249 542 295 578 et
316 534 508 578 candido
531 534 697 589 animo,
722 537 808 580 che
828 535 887 578 da
914 549 986 578 me
1011 534 1057 577 vi
1085 549 1197 578 sono
1225 534 1385 587 scritti,
1409 534 1673 591 imputando
1700 537 1742 579 al

117 611 215 655 zelo
235 610 327 654 mio
346 625 478 655 verso
499 611 543 653 l’·
561 613 732 654 honore
758 612 816 656 de
843 610 932 654 Dio
959 618 1005 655 et
1031 618 1188 654 vostra
1214 612 1383 664 salute,
1407 626 1456 655 se
1483 626 1595 655 sono
1623 619 1744 656 stato

116 694 463 744 presumptuoso
479 687 526 730 in
548 687 783 740 scriuerui,
809 702 836 731 o
865 695 1024 745 troppo
1050 689 1191 744 longo
1223 689 1298 732 nel
1319 688 1604 745 raggionare.
1632 690 1745 733 Com

115 765 158 808 le
185 764 408 821 genochie
435 765 509 809 del
535 779 674 809 cuore
702 780 729 807 a
763 772 882 809 terra
908 765 1134 808 domando
1161 781 1188 809 a
1219 772 1374 810 vostra
1401 766 1567 809 santita
1592 767 1635 809 la
1663 780 1747 810 sua

117 848 274 885 sancta
300 841 643 894 benedictione,
675 843 907 898 pregando
935 856 1018 885 sua
1039 841 1195 886 diuina
1221 844 1394 887 maesta
1424 844 1509 886 che
1532 842 1570 886 si
1597 843 1750 900 degna

115 918 357 975 guardarla
376 919 434 961 da
454 919 587 971 male,
613 926 657 963 et
681 918 888 975 guidarla
908 918 956 961 in
978 906 1095 962 tutte
1116 919 1158 963 le
1180 933 1262 962 sue
1290 919 1539 975 operationi
1566 926 1612 964 et
1632 934 1746 976 pen-

115 993 220 1038 sieri
241 995 625 1039 conformemente
647 1011 673 1038 a
700 1009 783 1038 sua
810 1001 940 1038 santa
969 996 1171 1039 volunta.
1203 996 1279 1039 Ad
1305 996 1472 1039 multos
1498 1010 1656 1040 annos.
1687 996 1746 1040 Di

116 1071 326 1140 Genoua,
346 1071 376 1114 il
400 1084 457 1126 24
478 1071 685 1128 d’Aprile
708 1086 757 1115 Μ.
784 1086 830 1116 D.
856 1087 900 1115 L.
923 1086 976 1116 v:
998 1073 1007 1093 ¹
1026 1074 1084 1116 D.
1107 1073 1163 1116 V.
1186 1071 1280 1117 SA&
1302 1087 1439 1117 seruo
1456 1073 1531 1117 nel
1548 1072 1747 1130 Signore

117 1154 290 1202 nostro,

866 1226 1080 1270 GIOANNI
1115 1226 1363 1270 BATTISTA
1394 1227 1567 1279 V10LA‚

118 1302 303 1346 minimo
325 1303 559 1347 sacerdote
581 1303 681 1347 dela
702 1301 985 1359 Compagnia
1005 1303 1062 1346 de
1083 1301 1240 1346 Giesu.

209 1381 464 1435 Inscriptio.
488 1380 532 1423 A
554 1380 647 1424 Sua
670 1379 862 1424 Santita.

205 1457 314 1499 Alia
331 1471 488 1499 manu.
514 1467 641 1511 1555.
661 1457 870 1501 Genoua.
894 1458 946 1499 P.
967 1455 1072 1500 Gio.
1095 1458 1244 1500 Batt.a
1266 1455 1412 1500 Viola.
1434 1468 1491 1511 24
1507 1456 1553 1499 di
1570 1457 1746 1514 Aprile.

191 1631 202 1651 ¹
251 1628 425 1676 Epistola
447 1629 556 1671 haec,
587 1634 631 1664 ut
653 1628 794 1675 conjici
818 1634 924 1664 recte
949 1633 1092 1676 potest,
1125 1628 1277 1664 reddita
1301 1629 1484 1665 Marcello
1508 1630 1546 1665 II
1570 1642 1647 1666 non
1672 1637 1751 1674 est,

117 1688 259 1736 quippe
276 1687 342 1736 qui
361 1687 612 1724 «duodecimo
629 1687 876 1735 pontificatus
890 1687 954 1723 die
968 1700 1016 1723 ex
1034 1688 1175 1735 pituita
1188 1688 1228 1724 in
1242 1688 1383 1724 febrim
1397 1688 1590 1736 incidens,
1604 1690 1750 1726 emisso

119 1747 308 1791 sanguine
333 1748 531 1794 paululum
549 1753 760 1791 recreatus,
785 1759 873 1783 curn
891 1759 1045 1783 rursum
1069 1747 1238 1793 negotiis
1263 1748 1499 1794 intenderet,
1524 1749 1647 1796 pridie
1675 1750 1751 1784 Ka-

118 1807 253 1843 lendas
271 1807 361 1842 Maii
379 1807 591 1854 derepente
609 1807 814 1854 apoplexia
830 1812 1044 1854 correptus,
1069 1807 1250 1854 sequenti
1273 1813 1388 1843 nocte
1412 1808 1494 1843 vita
1517 1813 1659 1844 exutus
1683 1809 1750 1851 sit,

119 1866 309 1913 vigesimo
323 1866 495 1902 secundo
509 1866 712 1902 electionis
726 1866 804 1912 die,
819 1865 1039 1902 incredibili
1053 1867 1224 1902 omnium
1238 1861 1429 1902 bonorum
1443 1867 1592 1912 dolore,
1606 1868 1750 1915 quibus

120 1937 209 1972 spes
226 1925 424 1961 affulserat
441 1925 739 1970 emendationis,
759 1930 798 1961 et
815 1926 923 1961 aurei
942 1927 1015 1962 sub
1033 1926 1101 1962 illo
1119 1926 1286 1977 saeculii
1305 1927 1482 1962 sublatus
1500 1926 1600 1962 forte
1618 1927 1751 1963 divina

118 1985 374 2031 benignitate,
400 1997 449 2021 ne
473 1984 621 2020 malitia
645 1990 812 2020 mutaret
836 1985 1079 2021 intellectum
1103 1985 1201 2032 ejus.
1228 1986 1288 2021 De
1308 1985 1420 2032 cujus
1444 1991 1522 2022 tam
1545 1986 1755 2033 repentino

118 2044 227 2080 obitu
245 2050 306 2079 est
328 2045 429 2080 inter
453 2044 622 2080 Litteras
651 2043 875 2091 Principum
906 2044 1066 2091 egregia
1084 2044 1250 2091 epistola
1274 2045 1505 2092 Hieronymi
1529 2045 1750 2092 Seripandi,

119 2103 415 2150 Archiepiscopi
433 2103 682 2150 Salernitani‚
700 2103 749 2138 ad
766 2104 1002 2151 Episcopum
1018 2105 1269 2146 Fesulanum,
1283 2116 1374 2151 qua,
1392 2104 1529 2140 dolens
1544 2106 1751 2140 vehemen-

119 2161 269 2198 tissime
294 2162 343 2198 de
365 2162 586 2209 hujusmodi
609 2163 864 2210 Reipublicae
887 2164 1123 2198 christianae
1153 2163 1383 2210 afflictione,
1414 2163 1655 2200 existimavit
1685 2175 1752 2199 vo-

118 2221 238 2257 luisse
258 2223 398 2266 Deum,
418 2227 566 2258 tantam
583 2221 782 2269 proximae
800 2222 1086 2258 reformationis
1104 2234 1214 2269 spem
1238 2223 1426 2269 tollendo,
1449 2223 1657 2259 ostendere
1675 2234 1751 2259 non

120 2292 206 2316 eam
223 2292 340 2328 opera
357 2282 525 2317 humana
542 2282 845 2329 exspectandam
863 2294 965 2326 esse,
984 2282 1055 2318 sed
1071 2281 1203 2317 divina
1221 2293 1352 2329 manu,
1374 2287 1414 2318 et
1437 2282 1565 2329 modo,
1590 2283 1752 2318 homini-

120 2341 194 2375 bus
223 2340 462 2386 incognito».
499 2341 770 2386 SPONDANUS,
801 2341 1028 2376 Annalium
1057 2341 1457 2376 ecclesiasticorum...
1489 2342 1755 2383 continuatio,

122 2411 212 2434 ann.
235 2399 508 2444 1555.—Porro
525 2399 689 2446 epistola
707 2399 912 2447 Seripandi
930 2400 1128 2435 invenitur
1145 2399 1185 2436 in
1203 2399 1358 2436 laudato
1382 2411 1515 2447 opere,
1533 2401 1649 2436 Delle
1670 2401 1754 2436 Let-

123 2462 205 2494 tere
222 2458 266 2493 di
284 2459 472 2505 Principi
489 2458 543 2502 (in
562 2459 735 2494 Venezia
757 2470 941 2506 appresso
958 2459 1175 2495 Francesco
1192 2459 1341 2501 Ziletti‚
1360 2462 1578 2504 MDLxxxr),
1603 2460 1670 2495 lib.
1696 2469 1758 2506 111>

123 2517 195 2553 fol.
222 2517 391 2553 166-168.
416 2517 499 2553 Nec
517 2517 887 2564 praetermittendae
905 2523 1010 2564 sunt,
1022 2530 1111 2554 cum
1129 2517 1178 2554 de
1192 2519 1374 2554 Marcello
1392 2519 1430 2554 II
1448 2519 1590 2564 agitur,
1606 2518 1753 2565 episto—

125 2578 184 2612 lae
210 2577 382 2623 Polanci,
406 2577 562 2612 nomine
585 2576 670 2612 sive
694 2577 874 2613 mandato
893 2577 1019 2613 sancti
1042 2577 1184 2623 Ignatii
1208 2578 1406 2614 sodalibus
1430 2577 1573 2613 nostris
1596 2577 1758 2623 missae,

123 2636 265 2683 quibus
295 2635 490 2682 pontificis
519 2636 644 2671 virtus
673 2641 714 2672 et
743 2648 850 2672 amor
879 2637 919 2672 in
949 2636 1187 2672 Societatem
1204 2637 1511 2673 cumulatissime
1534 2637 1758 2683 laudantur,

125 2694 286 2737 Cariam,
306 2700 334 2730 t.
354 2703 395 2737 v,
414 2706 507 2742 pag.
534 2703 703 2741 152-159‚
723 2704 794 2742 219
812 2701 852 2731 et
870 2707 984 2744 seqq.

307 3131 499 3162 Errsroun
518 3132 663 3170 erru,
683 3141 760 3164 rou.
782 3142 830 3164 iv.
1537 3134 1576 3162 39
