2060 3432
300 218 369 264 87²
786 218 1022 255 EPISTOLAE
1046 217 1359 265 Murus—1039
1376 211 1383 218 ”

247 328 435 366 strenue
457 319 618 373 functi,
644 319 901 377 quiescunt,
925 320 1032 373 imo,
1057 326 1109 363 ut
1132 319 1210 376 qui
1232 319 1368 363 nullis
1394 318 1623 364 laboribus
1644 319 1692 363 in
1713 318 1885 364 Christi

247 396 383 442 uinea
403 396 726 454 defatigantur,
751 411 845 450 eos,
871 396 948 452 qui
970 402 1049 440 aut
1070 395 1372 454 aegritudine,
1397 403 1476 440 aut
1503 410 1683 441 carcere
1703 396 1881 442 detenti

248 482 373 530 sunt,
408 474 602 519 subinde
634 474 835 526 uisitant,
870 473 1178 526 consolantur,
1213 480 1259 517 et
1290 487 1475 530 quoquo
1509 474 1643 517 modo
1674 480 1882 531 possunt,

249 566 355 595 cum
378 566 530 608 opera,
553 558 650 595 tum
672 566 721 596 re
743 550 975 595 adi'uuant.
1008 551 1066 593 Et
1095 557 1144 594 ut
1171 552 1284 594 haec
1311 564 1479 607 magna
1507 549 1718 594 omnibus
1740 549 1886 596 uideri

249 628 439 686 possint,
466 629 578 672 illud
600 637 749 672 tamen
775 629 965 672 fortasse
987 626 1121 672 etiam
1141 627 1303 682 maius,
1324 628 1446 683 quod
1464 626 1705 672 uniuersae
1721 627 1886 671 iuuen-

251 705 363 750 tutis
385 706 516 764 (quae
538 705 648 763 ipsis
669 703 929 749 doctoribus
952 704 1019 748 uti
1035 704 1159 762 uelit)
1176 703 1316 749 literis
1333 704 1627 760 moribusque
1644 704 1784 763 (nulla
1798 705 1887 749 hu·
1916 716 1923 721 ·

253 797 386 827 mana
406 783 631 836 mercede,
655 783 735 826 sed
757 788 933 825 tantum
955 781 1003 824 in
1024 781 1194 826 Christi
1211 780 1418 839 gratiam)
1437 780 1758 834 instituendae,
1778 795 1885 838 pro-

251 860 447 904 uinciam
479 866 794 916 susceperunt.
827 858 963 915 Quod
991 873 1100 904 sane
1127 858 1284 917 quanti
1312 858 1386 912 sit,
1416 872 1573 902 omnes
1603 857 1883 916 intelligunt,

253 937 389 980 modo
409 936 555 981 sciant
576 951 668 979 non
690 936 820 981 facile
839 936 888 980 in
907 937 1051 980 bonos
1074 936 1199 982 ciues
1221 938 1458 993 bonosque
1478 936 1600 980 viros
1620 949 1755 992 posse
1775 949 1890 979 eua-

254 1013 378 1069 dere,
404 1028 596 1070 quorum
617 1013 762 1071 prima
783 1020 908 1059 aetas
928 1014 1154 1071 neglecta,
1175 1022 1254 1058 aut
1269 1028 1362 1058 non
1377 1012 1510 1057 bonis
1525 1011 1698 1057 artibus
1715 1011 1891 1056 imbuta

254 1097 339 1143 est,
365 1104 506 1147 seque
527 1090 574 1134 in
596 1089 817 1135 eiusmodi
838 1090 1050 1135 obeundo
1071 1087 1259 1135 muner'e
1275 1091 1388 1135 tales
1404 1096 1652 1147 praestant,
1672 1095 1724 1132 ut
1739 1102 1889 1145 neque

255 1166 397 1211 nostri
419 1167 730 1212 adolescentes
752 1167 952 1212 sanctius
973 1167 1020 1211 in
1042 1167 1208 1212 scholis
1228 1166 1370 1212 habiti
1393 1166 1498 1220 sint,
1524 1180 1674 1223 neque
1697 1167 1890 1210 fortasse

256 1243 539 1300 politioribus
576 1243 1003 1301 candidioribusque
1035 1244 1177 1289 literis
1206 1244 1416 1288 instructi
1450 1257 1667 1300 unquam.
1708 1242 1891 1300 Quibus

258 1321 443 1377 quidem
466 1321 724 1366 nominibus
746 1328 842 1365 tum
864 1322 995 1366 nobis
1017 1323 1287 1380 gaudemus,
1312 1328 1358 1366 et
1378 1322 1660 1379 gratulamur
1681 1320 1779 1374 tibi,
1800 1322 1890 1364 Pa—

257 1405 328 1444 ter
358 1398 543 1455 optime,
568 1398 700 1443 cuius
728 1399 950 1443 seminum
978 1401 1091 1444 haec
1119 1414 1253 1457 seges
1280 1406 1366 1453 est,
1397 1406 1495 1443 turn
1523 1399 1646 1455 quod
1667 1399 1734 1456 (ut
1754 1411 1891 1455 supra

260 1474 470 1532 diximus)
505 1476 653 1520 fuerat
680 1476 816 1520 officii
843 1491 895 1521 ac
926 1476 1173 1521 uoluntatis
1203 1483 1384 1522 nostrae
1411 1477 1557 1520 multo
1594 1477 1785 1520 antehac
1823 1476 1892 1518 fa-

257 1565 377 1604 cere,
404 1559 575 1607 quanto
596 1553 813 1598 maximas
835 1568 1079 1611 possumus
1101 1553 1271 1611 gratias
1292 1553 1487 1611 agimus,
1509 1566 1799 1608 oramusque,
1822 1558 1890 1607 ut,

258 1628 296 1672 si
317 1628 426 1684 quid
447 1635 531 1682 est,
557 1629 603 1673 in
626 1643 717 1686 quo
739 1630 821 1674 tibi
843 1638 922 1674 aut
945 1630 1034 1674 tuis
1057 1630 1159 1675 usui
1181 1637 1260 1674 aut
1287 1630 1528 1675 commodo
1549 1643 1650 1674 esse
1671 1643 1724 1673 ac
1745 1627 1893 1686 grati?

258 1705 384 1749 ficari
399 1705 642 1762 possimus,
659 1707 790 1751 nobis
804 1709 1031 1763 rebusque
1045 1708 1212 1751 nostris
1229 1707 1294 1751 sic
1312 1714 1455 1760 utare,
1477 1714 1528 1750 ut
1545 1706 1648 1751 tuis.
1670 1705 1758 1751 Die
1774 1718 1892 1750 xxnt

261 1781 429 1826 mensis
450 1782 731 1839 Septembris
754 1796 900 1829 MDLv.
925 1784 1223 1838 Dedifissimi,

350 1858 529 1903 Priores
550 1859 714 1903 artium
738 1866 783 1905 et
805 1860 961 1917 populi
984 1860 1182 1905 ciuitatis
1205 1860 1421 1906 Perusiae
1447 1862 1477 1904 ¹.

309 1996 314 2001 ι
348 1935 606 1991 Inscriptio:
629 1937 742 1981 Rdo.
769 1937 952 1982 domino
973 1945 1129 1983 nostro
1150 1938 1194 1981 in
1225 1937 1409 1983 Christo
1429 1939 1541 1996 Jesu
1569 1935 1892 1982 observandis-

258 1997 388 2065 simo,
418 2013 477 2057 D.
508 2013 703 2070 Egnatio
732 2015 788 2058 de
820 2014 990 2068 Loiola,
1022 2015 1263 2060 Societatis
1290 2014 1397 2059 boni
1418 2017 1530 2073 Jesu
1558 2013 1826 2072 dignissimo
1848 2020 1895 2057 et

260 2088 462 2145 generali
483 2090 753 2146 praeposito.
781 2093 965 2137 Romae.

311 2244 323 2266 ¹
373 2242 496 2279 «Cum
513 2247 643 2279 autem
661 2239 885 2277 testimonia
902 2240 1107 2276 civitatum
1131 2245 1171 2276 et
1195 2239 1507 2277 Universitatum
1531 2239 1576 2275 P.
1603 2237 1779 2285 Ignatius
1806 2248 1898 2274 con-

268 2307 327 2337 tra
345 2301 566 2338 Parisiense
582 2300 829 2337 decretum...
856 2300 1108 2346 postulasset,
1133 2298 1272 2335 civitas
1294 2297 1493 2345 perusina,
1517 2297 1558 2334 id
1580 2302 1656 2344 est,
1675 2297 1822 2344 priores
1840 2307 1901 2332 ar-

267 2360 365 2396 tium
391 2366 432 2396 et
454 2359 601 2408 populi,
626 2359 710 2406 ejus
735 2358 908 2394 civitatis
932 2359 1104 2405 nomine,
1128 2359 1175 2393 P.
1208 2357 1362 2405 Ignatio
1385 2357 1638 2404 scripserunt,
1657 2357 1898 2392 luculentum

268 2419 536 2456 testimonium
569 2418 618 2455 de
646 2417 822 2464 collegio
858 2423 991 2454 nostro
1026 2417 1216 2453 Perusino
1248 2416 1495 2452 reddentes».
1533 2416 1758 2461 POLANCO,
1792 2419 1822 2450 t.
1856 2422 1899 2458 v,

262 2490 353 2526 pag.
368 2486 410 2524 71
421 2507 431 2525 ‚
448 2492 487 2515 n.
510 2478 759 2514 162.--Porr0
776 2477 922 2524 priores
938 2478 1094 2513 artium
1112 2477 1343 2512 dicebantur
1359 2475 1504 2512 idcirco
1522 2474 1786 2521 magistratus,
1809 2472 1901 2521 quia

265 2537 324 2574 «si
342 2539 533 2585 eleggono
550 2537 652 2574 delle
671 2536 759 2573 Arti
777 2541 817 2572 et
834 2536 1002 2583 Collegii
1018 2536 1122 2572 della
1140 2535 1283 2572 Cittam
1299 2535 1446 2583 populi
1461 2539 1592 2571 autem
1616 2533 1667 2570 «il
1691 2539 1798 2570 terzo
1822 2532 1901 2568 Ma-

260 2596 442 2645 gistrato,
462 2608 580 2634 overo
597 2596 816 2642 Consiglio,
834 2607 898 2631 era
916 2596 1115 2632 nominato
1133 2596 1159 2632 il
1185 2594 1386 2641 Consiglio
1409 2594 1450 2630 di
1473 2599 1649 2630 trecento
1672 2591 1902 2630 Cittadini».

260 2655 504 2704 CRISPOLTI,
523 2656 709 2705 Perugia
726 2656 930 2703 Augusta,
950 2655 1019 2692 lib.
1038 2664 1079 2700 11,
1098 2666 1183 2703 cap.
1203 2654 1238 2691 8.
