2060 3432
758 247 805 275 20
830 238 1096 276 Sam-mannis
1123 247 1214 285 1555
1681 239 1748 275 861

168 341 326 386 menti.
351 341 512 385 Altero
539 340 612 384 die
639 339 822 383 vocauit
850 339 1032 383 domina
1057 340 1293 384 dominum
1322 341 1545 385 decanum
1572 348 1619 385 et
1644 356 1717 386 me
1737 342 1798 385 ad

170 418 425 477 prandium,
450 418 507 462 de
529 427 630 473 quo*
643 432 726 461 nos
747 417 1082 462 excusauimus:
1103 419 1285 462 tandem
1304 418 1431 461 venit
1453 418 1571 462 idem
1587 418 1663 464 ille
1683 433 1796 463 con-

168 495 364 541 siliarius
385 495 442 538 ad
462 495 646 538 domum
667 501 883 547 nostram,
907 501 954 537 et
974 508 1083 538 casu
1103 495 1260 539 aderat
1286 496 1296 517 ¹
1319 494 1429 538 mihi
1450 495 1661 540 dominus
1683 496 1797 541 Ale-

169 572 356 626 xander,
375 572 463 616 iam
481 572 628 615 factus
644 570 906 615 canonicus:
925 570 988 614 ita
1009 585 1093 615 nos
1113 578 1204 615 tres
1224 571 1354 615 duxit
1375 572 1432 615 ad
1447 579 1660 616 castrum.
1683 575 1797 617 Per-

168 657 270 695 acto
292 648 495 706 prandio,
519 647 685 692 iuimus
706 649 764 692 ad
790 647 1034 701 dominam,
1059 662 1177 704 quae
1205 648 1357 693 statim
1379 649 1542 692 obtulit
1574 649 1798 694 ducentos

168 728 380 780 florenos,
404 725 491 769 alia
512 732 712 779 centum,
737 732 783 770 et
803 725 955 782 plures
982 724 1056 769 alii
1083 725 1129 768 in
1157 725 1410 782 praesentia
1438 740 1638 770 summas
1658 733 1795 783 optu-

168 804 334 848 lerunt.
359 802 630 860 Acceptauit
651 802 727 846 ille
747 801 1045 856 consiliarius,
1070 802 1148 859 qui
1167 803 1300 848 valde
1327 817 1619 860 progressum
1642 818 1793 848 sacra-

168 880 308 926 menti
329 880 453 924 cordi
473 880 626 934 habet,
651 886 696 923 et
718 879 862 923 omnis
882 879 1153 936 gubernatio
1174 879 1382 924 dominae
1404 881 1461 924 ab
1479 895 1534 925 eo
1549 881 1791 937 dependet:

169 964 238 1001 est
259 956 592 1008 mechlinensis,
617 955 687 999 vir
707 956 808 1012 pius
829 962 876 999 et
904 955 1073 1000 hilaris.
1099 957 1378 1000 Conclusum
1400 964 1470 1001 est
1490 956 1647 1013 igitur,
1673 958 1796 1014 quod

169 1033 480 1079 aedificabitur
496 1035 661 1076 chorus
677 1033 961 1086 sacramenti,
981 1034 1063 1078 sed
1078 1034 1247 1089 dequo
1267 1034 1488 1086 dolemus,
1507 1042 1691 1091 propter
1705 1036 1794 1079 hu-

169 1111 417 1156 miditatem
438 1110 540 1163 loci,
565 1109 816 1154 aedificatio
837 1109 1086 1155 differenda
1115 1118 1185 1155 est
1209 1125 1354 1167 vsque
1383 1111 1441 1154 ad
1468 1110 1696 1156 Martium:
1721 1112 1794 1156 in—

169 1188 299 1233 terim
320 1194 644 1245 praeparantur
664 1187 815 1230 omnia
835 1187 1103 1232 necessaria.

258 1264 390 1309 Alius
413 1264 594 1321 quidam
616 1263 794 1317 nobilis,
818 1263 1029 1308 dominus
1056 1264 1291 1308 cuiusdam
1318 1264 1406 1308 loci
1433 1280 1573 1323 prope
1601 1267 1793 1310 Bruxel—

167 1343 273 1395 lam,
299 1341 376 1398 qui
398 1341 470 1385 hic
492 1341 662 1396 aliquot
682 1340 955 1397 septimanas
978 1340 1078 1394 fuit,
1098 1341 1223 1386 venit
1239 1356 1418 1398 semper
1434 1343 1490 1386 ad
1507 1343 1791 1397 concionem,

169 1426 214 1464 et
234 1418 347 1462 vidit
368 1433 438 1472 ea,
458 1433 574 1474 quae
590 1417 663 1461 hic
679 1419 809 1462 fiunt.
832 1417 1105 1474 Acceptauit
1121 1418 1312 1475 propriis
1329 1418 1544 1475 impensis
1561 1434 1611 1465 se
1627 1435 1791 1477 procu—

167 1502 371 1539 raturum
393 1496 595 1539 eamdem
618 1494 942 1539 fraternitatem
964 1501 1010 1538 et
1029 1494 1338 1552 indulgentias
1354 1496 1625 1540 venerabilis
1641 1511 1794 1541 sacra-

167 1572 325 1626 menti,
350 1587 467 1628 quae
487 1571 575 1615 iam
597 1571 803 1615 instituta
823 1578 931 1615 sunt
951 1571 998 1614 in
1019 1571 1280 1628 episcopatu
1307 1574 1628 1617 cameracensi.
1654 1573 1790 1628 Aedi,

167 1656 294 1706 puto,
313 1649 390 1692 vbi
406 1648 706 1693 communiter
721 1647 817 1705 agit
832 1648 1086 1705 episcopus,
1105 1649 1229 1692 bulla
1250 1656 1389 1702 extat,
1409 1649 1447 1692 si
1465 1650 1616 1693 forsan
1631 1650 1794 1694 viderit
1846 1698 1848 1701 f

168 1727 221 1770 P.
242 1727 300 1770 V.
321 1726 440 1782 apud
454 1725 756 1782 bibliopolam,
770 1726 992 1783 Joannem
1006 1725 1063 1770 de
1079 1724 1299 1782 Winghe,
1320 1725 1397 1782 qui
1412 1725 1638 1783 impressit
1654 1728 1795 1772 breue

167 1802 479 1856 directorium;
518 1802 700 1846 domina
735 1808 890 1846 nostra
915 1802 1101 1847 volebat
1127 1803 1338 1847 exoluere
1366 1817 1522 1848 omnes
1549 1803 1792 1860 impensas,

167 1880 247 1924 sed
267 1879 364 1937 ipse
391 1879 502 1923 nihil
532 1879 735 1935 accipere
761 1878 919 1923 voluit.
953 1880 1111 1932 Orate,
1136 1893 1310 1936 precor,
1334 1887 1381 1923 et
1401 1879 1554 1924 iubete
1575 1895 1720 1936 orare,
1744 1888 1796 1924 vt

166 1957 390 2001 Dominus
410 1963 569 2013 coepta
590 1956 647 1999 ad
668 1970 796 1999 suam
818 1955 1009 2012 gloriam
1032 1955 1250 2001 foeliciter
1270 1955 1486 2013 dignetur
1506 1957 1652 2003 finire.
1685 1958 1795 2003 Sine

167 2033 244 2076 illo
265 2034 374 2089 quid
394 2033 655 2090 possumus?

256 2111 314 2153 Et
341 2109 446 2165 quia
471 2109 547 2152 hic
575 2124 631 2153 ex
658 2108 867 2152 omnibus
894 2108 1064 2152 circum
1092 2108 1260 2152 finibus
1287 2109 1494 2154 homines
1523 2111 1712 2155 veniunt
1739 2125 1797 2155 ex

170 2186 428 2237 Brabantia,
459 2185 684 2238 Flandria,
715 2185 917 2238 Geldria,
951 2185 1105 2238 Gulia,
1130 2192 1238 2238 ete.‚
1269 2186 1374 2242 quia
1399 2187 1490 2232 late
1517 2202 1565 2232 se
1592 2188 1796 2231 extendit

168 2263 538 2320 consanguinitas
558 2262 766 2307 dominae
786 2269 983 2317 nostrae,
1007 2263 1149 2306 multa
1169 2277 1276 2319 sepe
1296 2264 1413 2307 mala
1429 2265 1685 2309 referuntur
1707 2265 1797 2309 illis

168 2342 224 2385 de
240 2339 435 2397 jesuitis,
455 2340 512 2383 de
532 2338 793 2396 hypocritis,
812 2338 1017 2392 auaritia,
1036 2338 1143 2394 quia
1157 2341 1394 2384 commoda
1415 2341 1660 2397 querimus,
1681 2348 1790 2396 etc.;

169 2418 250 2463 sed
271 2418 369 2461 laus
390 2419 505 2469 Deo,
529 2415 654 2472 ipsae
678 2415 790 2458 nihil
816 2423 977 2459 curant
1002 2415 1278 2471 huiusmodi,
1309 2424 1355 2461 et
1382 2426 1698 2473 contemnunt,
1723 2419 1795 2462 di-

170 2501 324 2540 centes
344 2508 394 2538 se
415 2492 689 2536 contrarium
710 2491 863 2537 videre
883 2499 930 2536 et
951 2492 1122 2546 audire3
1146 2492 1237 2536 imo
1257 2493 1363 2538 hinc
1380 2494 1526 2551 magis
1542 2495 1672 2538 nobis
1694 2497 1793 2540 affi-

169 2571 374 2624 ciuntur,
414 2575 649 2613 cernentes
684 2568 987 2613 detractiones
1021 2568 1281 2613 huiusmodi
1316 2571 1499 2614 nonnisi
1537 2587 1592 2616 ex
1623 2571 1795 2617 inuidia

170 2646 382 2705 progredi
407 2654 454 2690 et
478 2645 764 2702 opinionibus
786 2645 922 2690 falsis.
956 2645 1033 2691 Sic
1059 2645 1169 2689 mihi
1196 2646 1309 2690 dixit
1336 2648 1517 2691 domina
1546 2648 1790 2694 comitissa:

170 2724 308 2769 Miror
330 2723 439 2779 quid
460 2723 517 2767 de
536 2722 667 2766 vobis
688 2721 975 2779 suspicantur
996 2722 1322 2776 mendicantes,
1347 2739 1396 2768 se
1418 2739 1498 2780 per
1519 2739 1601 2768 vos
1629 2726 1793 2769 damna

170 2816 396 2860 passuros,
411 2814 515 2844 cum
527 2799 672 2844 omnis
688 2798 959 2843 sustentatio
973 2798 1173 2856 ipsorum
1190 2799 1297 2844 hinc
1313 2801 1582 2858 dependeat,
1603 2802 1659 2844 ad
1676 2816 1794 2858 quae

169 2893 254 2923 vos
285 2876 526 2921 hortamini
555 2877 773 2934 populum
805 2876 862 2919 ad
891 2876 1042 2933 largas
1074 2876 1404 2934 eleemosynas,
1439 2891 1552 2933 quas
1582 2892 1665 2921 vos
1700 2893 1792 2922 non

244 3047 256 3068 ¹
306 3045 378 3081 Ms.
398 3044 582 3080 adderat.
