2014 3470
729 259 772 295 18
796 259 1044 295 Novssunms
1074 264 1164 302 1554
1646 265 1717 302 459

890 500 1019 540 902

666 601 915 638 ANDREAS
940 603 1010 638 DE
1035 601 1239 640 OVIEDO

435 687 644 730 PATRI
691 686 998 730 IGNATIO
1045 687 1134 729 DE
1179 686 1470 730 LOYOLA

618 788 768 817 BURGIS
797 780 839 815 18
864 788 1105 817 uovssmssms
1134 788 1225 826 1554
1252 782 1281 816 ¹.

135 866 183 901 In
205 864 434 912 Hispaniam
458 864 556 900 salvi
579 864 871 911 incolumesque
895 868 1158 910 pervenerunt
1180 862 1291 910 socii,
1317 863 1366 899 ad
1389 862 1648 910 aethiopicam
1678 862 1770 898 mis-

209 924 358 959 sionem
377 936 424 959 ex
445 925 539 959 urbe
563 934 721 958 romana
746 922 1117 970 destinati.—Quae
1139 922 1180 958 in
1204 923 1394 958 mandatis
1418 923 1631 968 habebant,
1656 933 1771 958 exse-

208 983 319 1030 quuti
350 983 669 1018 sunt.-Matrem
698 986 739 1018 et
766 981 907 1018 fratres
936 981 1062 1018 Patris
1088 981 1214 1020 Olave
1243 982 1426 1018 laudibus
1455 981 1768 1018 commendat.—

208 1041 349 1088 Burgis
367 1047 555 1088 cognatos
572 1042 698 1078 Patris
711 1042 880 1078 Polanco
898 1041 1046 1077 invisit.
1058 1042 1239 1088 ——Borgia
1256 1042 1479 1078 Placentiae
1494 1047 1689 1077 versatur.

945 1127 964 1159 ,ι

900 1163 999 1220 Jhs.
1693 1224 1695 1226 Ι

229 1259 340 1314 Muy
361 1257 474 1301 Rdo.
505 1257 650 1300 Padre
672 1263 858 1301 nuestro
879 1271 937 1300 en
963 1257 1007 1299 el
1033 1257 1195 1301 Sefior.
1227 1257 1293 1300 La
1314 1256 1469 1313 gracia
1494 1271 1524 1312 y
1555 1271 1679 1299 amor
1710 1257 1770 1300 de

139 1334 226 1379 X.⁰
247 1341 434 1378 nuestro
454 1339 592 1377 senor
613 1348 691 1377 sea
711 1332 906 1390 siempre
926 1348 984 1377 en
1007 1340 1193 1376 nuestro
1214 1332 1432 1377 continuo
1454 1334 1583 1377 sauor
1603 1349 1633 1389 y
1653 1348 1768 1390 ayu-

141 1413 214 1455 da.
239 1412 405 1455 Amen.
430 1412 638 1466 Despues
659 1410 716 1453 de
737 1423 810 1452 ser
831 1409 1045 1454 entrados
1066 1424 1123 1453 en
1152 1411 1349 1466 Espafia,
1382 1424 1471 1465 que
1493 1411 1570 1454 sue
1597 1414 1623 1453 a
1644 1425 1673 1468 9
1694 1411 1769 1454 del

141 1495 366 1546 presente,
391 1487 594 1530 venimos
615 1501 696 1543 por
717 1486 926 1543 Azpeitia
946 1487 961 1507 ¹
984 1502 1015 1543 y
1035 1486 1270 1530 visitamos
1287 1487 1328 1530 al
1350 1493 1485 1531 senor
1507 1495 1654 1532 rector
1674 1503 1704 1543 y
1726 1488 1771 1530 al

141 1572 276 1609 senor
290 1566 455 1608 Martin
470 1565 640 1620 Garcia
652 1565 710 1609 de
722 1564 892 1620 Loyola
908 1565 941 1618 ³,
954 1563 1187 1607 conforme
1201 1565 1244 1607 al
1256 1563 1489 1608 memorial
1503 1565 1559 1608 de
1573 1566 1631 1608 V.
1651 1566 1703 1607 P.
1714 1598 1724 1618 ,
1739 1580 1771 1621 y

140 1657 200 1686 no
221 1642 438 1685 hallamos
459 1642 502 1685 al
522 1648 657 1686 senor
677 1642 766 1684 don
783 1642 901 1699 Joan
916 1640 933 1663 ⁴
949 1641 1040 1694 alli,
1064 1655 1173 1697 para
1193 1641 1326 1685 saber
1349 1641 1439 1693 del,
1459 1641 1532 1684 del
1549 1643 1602 1684 P.
1624 1642 1770 1684 Fran—

139 1719 276 1764 cisco.
301 1721 367 1764 La
388 1726 511 1764 carta
532 1719 590 1763 de
611 1719 668 1762 V.
696 1719 749 1761 P.
768 1733 878 1775 para
893 1718 951 1770 el,
970 1732 1020 1762 se
1036 1717 1111 1761 dio
1131 1722 1158 1761 a
1179 1718 1223 1761 la
1243 1723 1406 1761 sefiora
1425 1718 1546 1761 dona
1562 1719 1767 1762 Lauren-

140 1796 218 1849 tia,
242 1811 298 1840 su
318 1811 481 1854 muger
503 1798 534 1849 ⁵3
566 1795 639 1838 alli
661 1809 819 1851 oymos
839 1798 970 1838 como
990 1795 1033 1838 el
1056 1797 1108 1838 P.
1134 1796 1170 1838 F
1172 1794 1376 1838 rancisco
1397 1802 1553 1838 estava
1574 1810 1632 1840 en
1661 1795 1767 1839 Pla-

139 1873 307 1929 sencia,
326 1888 356 1929 y
372 1874 415 1916 el
432 1873 579 1917 Padre
594 1872 755 1915 doctor
771 1872 922 1915 Araoz
939 1886 998 1916 en
1013 1870 1283 1924 Valladolid,
1303 1886 1333 1928 y
1347 1870 1536 1915 venidos
1553 1875 1579 1915 a
1596 1872 1767 1924 Ofiate,

140 1949 424 1994 entendimos
445 1953 577 1992 como
599 1949 642 1993 el
664 1950 716 1992 P.
741 1949 778 1992 F
781 1947 985 1991 rancisco
1006 1954 1161 1992 estava
1182 1962 1240 1991 en
1262 1948 1489 1992 Plasentia
1502 1982 1511 2000 ,
1536 1952 1563 1992 ό
1586 1962 1674 2004 que
1695 1962 1769 1991 se·-

142 2029 208 2070 ria
228 2026 318 2082 ydo
339 2030 367 2070 ὁ
388 2029 488 2070 avia
509 2026 566 2070 de
587 2040 640 2081 yr
661 2029 687 2069 a
709 2025 933 2069 Cordova.
960 2024 1272 2078 Paresck’mos,
1297 2025 1529 2069 conforme
1560 2026 1603 2068 al
1630 2025 1772 2069 orden

142 2103 200 2147 de
227 2104 286 2147 V.
319 2105 392 2156 P.,
423 2102 594 2147 embiar
621 2103 679 2147 de
705 2103 779 2145 alli
807 2116 869 2145 vn
896 2105 1012 2158 peon
1041 2106 1067 2145 a
1094 2101 1348 2146 Valladolid
1370 2102 1412 2145 al
1441 2103 1588 2147 Padre
1615 2103 1776 2145 doctor

143 2180 309 2233 Araoz‚
334 2194 442 2236 para
463 2180 530 2223 los
552 2186 644 2223 tres
666 2193 756 2235 que
776 2193 835 2222 an
855 2179 913 2222 de
933 2193 986 2235 yr
1008 2182 1035 2222 a
1058 2178 1279 2235 Portugal
1300 2193 1389 2222 con
1407 2185 1615 2222 nosotros
1631 2180 1664 2232 ⁶,
1689 2193 1720 2235 y
1736 2177 1774 2221 si

213 2351 225 2372 ¹
277 2352 336 2387 Ex
352 2352 592 2398 autographo
610 2350 650 2386 in
666 2352 745 2387 vol.
765 2351 812 2397 E,
831 2350 976 2398 duplici
991 2349 1101 2396 folio,
1120 2363 1159 2387 n.
1178 2358 1259 2396 127,
1274 2351 1381 2398 prius
1395 2350 1484 2387 302.

213 2413 229 2434 ¹
278 2411 352 2447 Ms.
372 2412 557 2459 Azpetia.

214 2471 230 2492 ³
278 2470 411 2517 Nepos
430 2471 506 2506 Sti.
532 2470 689 2517 Ignatii.
716 2470 846 2518 Epist.
865 2469 1034 2516 Mixtae,
1054 2474 1083 2506 t.
1102 2478 1145 2512 Π,
1162 2481 1252 2517 pag.
1273 2478 1361 2515 555.

215 2531 231 2552 ⁴
280 2531 453 2576 Joannes
470 2529 519 2565 de
537 2529 667 2576 Borja.
1350 2526 1353 2528 ’

215 2589 230 2611 ⁸
279 2589 488 2625 Laurentia
505 2589 554 2624 de
572 2588 683 2627 Ofiaz
701 2593 742 2624 et
765 2588 928 2636 Loyola,
945 2587 994 2624 de
1012 2600 1087 2636 qua
1105 2587 1312 2624 videantur
1338 2588 1471 2635 Epist.
1497 2588 1664 2634 Mixtae,
1682 2593 1711 2623 t.
1730 2597 1776 2633 11,

144 2659 239 2695 pag.
267 2647 352 2693 643,
374 2656 459 2693 777,
484 2648 572 2693 845.
602 2649 722 2684 Porro
745 2648 848 2684 inter
865 2647 1067 2695 epistolas,
1085 2659 1181 2695 quas
1204 2647 1374 2694 Oviedo,
1398 2649 1521 2683 Roma
1539 2647 1777 2694 discedenti,

144 2706 320 2753 Ignatius
337 2707 512 2752 dederat,
531 2712 742 2755 sequentes
761 2706 982 2743 invenimus
1000 2707 1040 2742 in
1061 2706 1207 2742 Cartas
1223 2709 1271 2744 de
1290 2708 1375 2743 San
1392 2707 1572 2754 Ignaci0‚
1600 2712 1632 2742 t.
1661 2715 1716 2742 lv:
1740 2715 1774 2743 Ι.

146 2766 221 2802 «Al
250 2766 337 2813 Rey
365 2765 414 2802 de
437 2767 661 2813 Portugab),
686 2778 780 2814 pag.
811 2766 895 2812 315;
922 2775 956 2802 2.
983 2766 1056 2802 «Al
1080 2765 1234 2802 Infante
1257 2767 1306 2802 de
1332 2767 1531 2812 Portugal,
1559 2767 1606 2802 D.
1640 2765 1776 2812 Luis»,

144 2836 237 2872 pag.
261 2824 345 2870 3163
365 2824 400 2861 3.
421 2826 493 2861 «Al
518 2825 709 2862 Cardena]
735 2825 903 2872 Infante,
922 2826 971 2861 D.
1002 2826 1212 2873 Eurique»,
1230 2837 1319 2873 pag.
1345 2824 1428 2870 317;
1453 2836 1488 2870 4.
1518 2825 1576 2860 «A
1594 2825 1644 2860 D.
1672 2826 1777 2871 Juan

145 2884 195 2920 de
217 2884 368 2930 Borja»,
392 2895 481 2931 pag.
506 2883 590 2919 326.
622 2885 840 2921 Videantur
870 2885 988 2920 etiam
1017 2885 1139 2931 ibid„
1166 2897 1254 2932 pag.
1283 2884 1367 2931 322,
1393 2884 1441 2919 ad
1459 2885 1502 2920 P.
1524 2884 1774 2921 Franciscum

147 2942 344 2989 Borgiam,
363 2948 404 2979 et
420 2954 513 2990 pag.
536 2942 621 2990 324,
638 2943 687 2979 ad
704 2944 751 2980 P.
777 2943 991 2979 Antonium
1009 2943 1058 2979 de
1076 2943 1217 2980 Araoz.

216 3002 232 3025 ⁶
281 3003 342 3037 De
358 3002 418 3038 his
436 3013 564 3038 sermo
580 3002 625 3038 fit
641 3002 682 3038 in
699 3002 865 3038 laudatis
884 3002 1027 3048 Ignatii
1043 3003 1184 3039 litteris
1202 3003 1252 3039 ad
1270 3004 1313 3038 P.
1341 3003 1692 3039 Araoz.—Plenam
1709 3003 1778 3038 ha-

145 3072 233 3097 rum
250 3073 379 3098 rerum
398 3061 659 3098 narrationem
677 3067 718 3097 et
734 3062 953 3108 catalogum
978 3062 1170 3098 sociorum
1193 3062 1233 3099 in
1258 3062 1507 3108 Aethiopiam
1532 3062 1780 3109 proficiscen-
