2034 3476
753 299 800 326 20
823 289 1086 327 summamus
1115 299 1206 337 1554
1676 289 1747 336 349

160 393 355 449 despues
382 392 439 435 de
466 397 676 445 mafiana,
702 406 792 448 que
819 406 869 437 es
889 391 964 436 dia
984 391 1043 436 de
1063 399 1221 436 saneto
1243 391 1468 449 Remigio.
1504 391 1710 435 Tanbien
1732 406 1792 435 ua

161 483 246 512 con
269 475 366 514 esta
385 483 476 512 vna
503 475 626 512 carta
654 469 727 512 del
754 467 994 526 arcibispo,
1019 484 1077 514 en
1094 476 1329 526 respuesta
1350 469 1407 513 de
1428 469 1471 512 13
1493 483 1582 526 (106
1602 468 1710 512 vino
1731 469 1789 513 de

160 552 347 589 nuestro
369 546 518 590 Padre
543 546 572 588 ¹.

248 622 509 679 'Inscripiia-
531 622 561 680 †
583 623 645 666 Al
666 637 774 679 muy
795 623 910 667 Rdo.
936 638 994 668 en
1012 622 1196 667 Christo
1218 623 1382 677 Padre,
1406 623 1448 666 el
1470 624 1522 666 P.
1541 623 1677 666 Mtro.
1699 624 1790 666 Po-

161 699 307 743 laneo.
1681 709 1687 714 ·

909 934 1036 976 862

377 1035 755 1073 FERDINANDUS
782 1034 1200 1074 VASCONCELLOS
1226 1036 1292 1071 ET
1318 1035 1556 1071 MENESES

664 1111 978 1166 archiepiscopus
996 1117 1269 1166 olisiponensis

531 1201 716 1245 PATRI
747 1202 1009 1246 IGNATIO
1041 1202 1124 1245 DE
1154 1201 1415 1246 LOYOLA

583 1303 804 1332 ousff’omz
830 1304 876 1331 20
901 1304 1160 1332 SEPTEMBRls
1189 1304 1280 1341 1554
1304 1298 1339 1332 Ξ.

777 1379 954 1426 Epistola
970 1378 1155 1415 officiosa.

240 1461 336 1506 Mui
364 1462 479 1506 Rdo.
516 1463 700 1507 senhor.
734 1463 776 1507 O
807 1464 858 1506 P.
888 1462 1052 1516 Miran,
1083 1476 1196 1506 voso
1214 1462 1392 1516 sudito,
1423 1477 1495 1506 me
1522 1463 1613 1507 deu
1639 1464 1779 1506 huma

149 1544 272 1582 carta
294 1539 351 1583 de
373 1540 430 1583 V.
456 1540 531 1591 R.‚
556 1553 638 1595 por
659 1553 749 1595 que
769 1554 842 1584 me
863 1539 1160 1584 emcomenda
1181 1553 1232 1582 os
1261 1539 1432 1582 Padres
1454 1539 1511 1583 de
1533 1553 1615 1583 sua
1637 1540 1777 1583 Com-

148 1614 314 1671 panhia
335 1615 639 1671 queresidem
662 1622 792 1660 nesta
819 1616 1008 1672 cydade.
1041 1617 1079 1659 E
1107 1630 1188 1672 asy
1216 1630 1288 1659 me
1317 1615 1390 1658 diz
1418 1630 1445 1659 0
1473 1615 1667 1659 cuidado
1688 1630 1777 1672 que

150 1692 305 1748 folgua
325 1693 382 1736 de
405 1699 489 1744 ter,
515 1707 540 1736 6
561 1693 726 1736 manda
747 1707 836 1749 que
857 1707 906 1737 se
929 1694 1067 1737 tenha
1094 1693 1150 1736 (16
1178 1692 1286 1735 mim
1309 1708 1380 1736 em
1409 1707 1516 1737 suas
1544 1698 1729 1748 oraeoes
1751 1708 1779 1737 6

148 1769 230 1812 (105
251 1769 472 1812 subditos.
497 1770 629 1813 Tudo
650 1770 726 1814 lhe
747 1771 887 1813 tenho
908 1784 981 1813 em
1003 1785 1152 1826 merce
1180 1784 1206 1813 6
1232 1770 1401 1825 recybo
1429 1770 1530 1814 dele
1558 1785 1630 1814 em
1652 1783 1777 1825 sym-

150 1847 283 1903 gular
298 1845 523 1898 caridade‚
542 1861 677 1890 como
694 1847 751 1890 de
767 1846 924 1890 10030.
945 1848 1083 1904 Certo
1099 1861 1190 1902 que
1211 1861 1261 1890 05
1280 1847 1450 1890 Padres
1465 1847 1523 1889 de
1539 1861 1622 1889 sua
1638 1847 1777 1890 Com-

149 1923 329 1980 panhia,
354 1937 442 1978 que
462 1930 593 1967 nesta
613 1923 772 1979 cidade
794 1923 1003 1976 residem,
1029 1928 1110 1967 530
1138 1938 1299 1980 pesoas
1326 1923 1384 1966 de
1413 1922 1770 1978 0100001616ςὶ-

147 2007 316 2053 mento,
341 2014 367 2043 6
388 1999 481 2043 mui
507 1999 710 2043 virtuoso
742 2001 964 2057 exemp103
990 2015 1040 2044 as
1070 2014 1210 2056 quaes
1240 2014 1403 2043 000535
1436 2001 1639 2043 abastam
1671 1999 1774 2044 bem

146 2091 253 2134 pera
274 2091 325 2120 05
346 2090 405 2120 60
427 2084 495 2120 ter
515 2092 586 2121 em
609 2084 758 2120 comta
778 2077 836 2122 de
857 2082 1052 2133 3700305,
1072 2092 1098 2122 6
1113 2091 1222 2134 pera
1238 2077 1332 2121 eles
1349 2078 1559 2121 achatem
1576 2091 1649 2119 em
1667 2076 1774 2119 mim

147 2154 252 2196 toda
274 2153 475 2196 amizade
501 2168 590 2208 que
619 2154 687 2196 for
713 2154 917 2210 posyuel.
954 2154 1028 2197 He
1058 2154 1257 2197 verdade
1287 2167 1377 2209 que
1408 2160 1506 2197 esta
1537 2152 1697 2208 cidade
1717 2154 1775 2196 he

147 2232 359 2274 tamanha
379 2244 533 2283 cousa,
559 2246 584 2275 e
606 2231 751 2286 lamca
771 2230 829 2275 de
850 2245 903 2286 sy
924 2237 1065 2274 tamto
1087 2229 1296 2287 negocio,
1323 2244 1410 2286 que
1434 2243 1568 2284 quem
1588 2230 1656 2272 for
1671 2243 1774 2285 pre—

146 2306 249 2350 13ᾶο
264 2307 381 2360 (1613,
401 2307 563 2350 0131113
579 2307 635 2350 (16
652 2308 792 2363 ρο(161·
809 2321 913 2350 usar
928 2307 986 2350 da
1001 2306 1106 2350 vida
1119 2305 1486 2363 contemplatiua:
1506 2320 1532 2349 6
1549 2319 1774 2362 prouuese

147 2398 174 2426 a
194 2385 316 2427 Deos
344 2398 433 2440 que
461 2385 666 2428 abastase
694 2399 721 2427 0
751 2391 903 2440 tempo
931 2398 1039 2440 pera
1066 2399 1093 2427 3
1119 2383 1289 2427 autiua.
1323 2385 1360 2426 E
1387 2383 1480 2426 6165
1509 2397 1583 2427 016
1611 2383 1772 2438 podem

147 2460 333 2513 buscar,
363 2475 492 2504 como
519 2476 546 2504 3
572 2460 644 2518 pai
673 2475 699 2504 e
726 2461 889 2514 00130,
921 2475 1094 2517 porque
1121 2475 1222 2504 eom
1250 2475 1327 2505 653
1355 2460 1568 2503 vomtade
1597 2475 1623 2503 e
1649 2472 1776 2503 amor

65 2534 67 2536 ’
146 2537 315 2580 olharei
331 2552 509 2594 sempre
525 2553 630 2582 suas
647 2552 824 2592 cousas,
844 2554 870 2583 e
888 2537 997 2582 terei
1015 2538 1139 2582 delas
1156 2537 1401 2594 particular
1418 2535 1625 2579 cuidado.
1649 2536 1774 2578 Noso

146 2614 323 2659 Senhor
344 2616 518 2671 guarde
539 2630 622 2658 503
637 2614 731 2659 mui
753 2622 968 2659 vertuosa
985 2629 1140 2672 pesoa,
1161 2629 1292 2658 como
1310 2615 1379 2659 ele
1394 2615 1563 2670 deseja.
1584 2615 1654 2656 De
1671 2611 1770 2655 Lis—

146 2691 233 2733 boa
254 2705 280 2733 a
301 2706 360 2734 xx
380 2692 438 2736 de
458 2692 695 2736 Setembro
716 2692 774 2736 de
797 2702 898 2747 554.
925 2693 998 2736 Ao
1019 2706 1110 2748 que
1132 2693 1189 2735 V.
1216 2693 1270 2735 R.
1303 2692 1507 2742 mandar,

886 2769 929 2812 O
952 2781 1217 2820 ARQEBISPO
1239 2783 1302 2812 DE
1325 2769 1534 2811 LYSBOA.

234 2844 499 2900 Inscriptio:
519 2842 621 2902 [Ao]
658 2845 772 2889 Rdo.
797 2859 824 2888 e
845 2845 939 2888 mui
960 2852 1176 2890 vertuoso
1197 2847 1379 2898 senhor,
1407 2843 1449 2901 [o
1474 2844 1526 2886 P.
1553 2840 1771 2898 1gn]a910,

148 2921 274 2977 geral
297 2920 379 2963 dos
400 2917 473 2978 [da
493 2920 789 2980 Co]mpanhia
810 2922 867 2966 de
883 2923 1012 2979 Jesu.

224 3023 234 3043 ¹
285 3020 385 3056 Vide
403 3019 523 3067 epist.
546 3019 630 3066 862,
648 3031 748 3067 quae
765 3020 898 3056 statim
917 3021 1110 3068 sequitur.

219 3083 233 3103 ²
283 3081 342 3116 Ex
359 3079 538 3125 originali
556 3079 596 3115 in
614 3080 695 3115 vol.
719 3079 766 3126 E,
783 3079 929 3127 duplici
946 3079 1053 3122 folio,
1073 3092 1116 3115 n.
1143 3080 1224 3126 166,
1243 3079 1349 3127 prius
1368 3087 1450 3124 447.
