2060 3450
784 253 807 289 4
834 243 1068 278 FEBRUARu
1096 250 1186 288 1555
1683 242 1752 289 543

159 346 274 392 tello
303 345 510 390 Emondo
541 345 572 397 ¹,
606 345 692 387 che
719 343 751 386 li
778 343 845 387 sia
872 341 1112 387 contrario.
1138 344 1233 388 M'e
1260 350 1420 399 questa
1441 343 1798 400 apprehensione

165 437 334 467 nuoua:
359 422 390 465 il
410 420 484 465 cui
512 420 732 478 principio
760 420 859 464 dice
887 434 1012 465 esser
1032 426 1151 463 stato
1172 418 1220 463 in
1241 421 1405 473 Roma,
1437 422 1538 473 che,
1564 421 1745 476 quando
1766 420 1797 463 il

168 502 221 543 P.
242 502 306 544 M.
320 497 557 558 Joachimo
573 498 606 548 ’‚
627 497 727 554 piae
745 511 847 550 me„
867 497 898 539 li
915 496 1037 541 disse
1052 497 1138 541 che
1154 497 1441 541 uerrebbono
1458 497 1646 542 insieme
1662 513 1689 541 a
1708 499 1796 542 Pe—

163 576 313 634 rugia‚
338 590 390 621 se
414 575 532 619 senti
554 574 834 631 perturbato,
859 588 996 617 sanza
1017 575 1102 618 che
1129 588 1178 618 se
1199 573 1265 630 gli
1294 581 1630 631 rapresentasse
1657 574 1797 618 niuna

163 667 302 697 causa
322 651 369 696 di
389 651 474 695 cio.
502 653 650 696 Pensa
671 651 745 707 poi
765 652 850 694 che
872 657 1032 706 questo
1054 650 1120 693 sia
1141 664 1221 707 per
1243 652 1412 695 hauere
1433 658 1594 694 nature
1610 659 1796 695 contra--

167 730 247 785 rie,
278 736 324 775 et
351 728 466 786 parti
494 729 559 786 (ἓ),
590 735 637 771 et
664 728 813 785 quella
841 727 1112 771 contrarieta
1148 727 1249 771 dice
1285 727 1592 773 chiaramente
1629 729 1796 774 uedere

162 808 240 853 nel
259 807 434 864 parlare
461 813 507 849 et
534 807 629 850 fare
657 806 730 850 del
758 805 934 849 fratello
963 804 1010 847 di
1036 804 1267 848 continuo.
1300 805 1335 848 11
1365 804 1610 848 medesimo
1639 806 1795 850 effetto

159 884 237 928 del
273 884 447 928 fratello
483 882 584 927 dice
619 884 761 927 hauer
797 881 1018 925 ritrouato
1054 881 1102 924 in
1137 896 1231 934 me,
1268 881 1367 926 cioe
1403 883 1488 925 che
1524 883 1673 938 quello
1711 885 1796 927 che

162 961 195 1003 li
215 985 663 993 ——————
684 961 700 981 ³
723 958 844 1002 ch’io
865 958 957 1002 erai
979 973 1130 1002 mosso
1150 959 1224 1002 dal
1249 959 1438 1003 fratello.
1464 961 1521 1003 Et
1543 961 1709 1016 perche
1729 961 1792 1003 fin

160 1038 326 1082 adesso
342 1052 433 1080 non
451 1038 574 1080 m'ha
590 1035 888 1093 cognosciuto
906 1049 1072 1091 capace
1088 1035 1134 1078 di
1151 1044 1328 1091 questo,
1349 1050 1439 1079 non
1455 1052 1528 1082 me
1544 1037 1638 1081 l’ha
1660 1038 1797 1080 uolu-

168 1122 216 1158 to
242 1114 354 1158 dire.
386 1115 444 1157 Et
471 1113 788 1157 domandando
815 1112 860 1155 io
889 1111 1064 1157 dicesse
1095 1113 1201 1169 qual
1226 1112 1426 1169 giudicio
1453 1121 1500 1157 et
1525 1114 1796 1170 esperientia

163 1193 361 1236 hauesse
375 1190 422 1233 di
437 1205 550 1234 suoa
570 1190 737 1243 indole,
758 1189 928 1245 rispose
944 1189 1129 1232 hauerla
1145 1188 1356 1246 riposata‚
1376 1189 1609 1246 piaceuole
1626 1198 1672 1235 et
1689 1191 1789 1248 giu—

168 1268 354 1322 diciosa,
378 1268 578 1325 sapendo
598 1266 646 1309 di
667 1266 774 1310 tutti
791 1265 927 1321 quelli
944 1265 990 1308 di
1005 1280 1110 1309 casa
1127 1265 1201 1309 chi
1217 1265 1284 1310 sia
1300 1281 1380 1322 per
1395 1281 1444 1311 se
1461 1274 1507 1311 et
1527 1267 1601 1310 chi
1616 1274 1789 1311 contra.

168 1346 273 1389 Con
300 1352 419 1388 tutto
446 1344 518 1388 cio
545 1344 646 1387 dice
681 1343 837 1388 uenire
873 1344 1033 1386 adesso
1060 1343 1146 1386 alla
1173 1343 1434 1400 cognitione
1469 1344 1516 1387 di
1550 1345 1700 1400 quello
1736 1346 1796 1388 ha

164 1423 460 1479 guadagnato
481 1422 553 1477 pel
574 1427 770 1477 passato.
792 1421 970 1476 Questo
994 1433 1067 1462 me
1088 1419 1209 1463 disse
1230 1433 1310 1476 per
1331 1420 1546 1476 semplice
1566 1422 1712 1475 auiso,
1737 1422 1795 1465 da

165 1515 231 1553 se,
251 1514 342 1542 non
360 1498 654 1544 ricerchando
675 1498 790 1540 altra
805 1496 1067 1552 prouisione
1082 1497 1202 1540 dalla
1218 1497 1488 1550 obedientia,
1509 1498 1795 1554 aparechiato

162 1592 194 1620 a
212 1583 332 1620 stare
354 1583 400 1621 et
423 1577 517 1620 fare
545 1575 694 1631 quello
717 1573 747 1616 li
769 1575 870 1617 sara
891 1587 1158 1617 commesso.
1183 1574 1254 1617 Ne
1275 1589 1302 1617 a
1331 1576 1573 1618 manchato
1600 1576 1657 1619 ad
1685 1576 1795 1621 obe-

164 1653 284 1708 dire,
314 1654 442 1698 saluo
469 1654 554 1697 che
582 1667 674 1696 non
699 1651 730 1694 li
758 1665 889 1708 parse
916 1651 1219 1695 conueniente
1254 1650 1471 1708 insegnar
1507 1653 1594 1696 alla
1629 1653 1790 1707 classe,

167 1736 344 1775 mentre
385 1731 487 1775 chel
525 1729 702 1774 fratello
730 1728 939 1785 Henrigo
965 1728 981 1749 ⁴
1019 1735 1150 1771 staua
1185 1729 1395 1782 amalato,
1441 1729 1681 1785 percioche
1715 1745 1796 1786 per

167 1815 329 1863 questo
350 1822 444 1851 non
466 1806 504 1850 si
520 1806 690 1850 ritroua
706 1812 817 1849 atto.
837 1804 956 1850 Delli
972 1804 1095 1849 studi
1110 1805 1210 1848 suoi
1226 1820 1317 1849 non
1340 1820 1474 1862 posso
1495 1807 1658 1851 render
1679 1808 1794 1851 altro

164 1893 319 1937 conto,
339 1899 449 1929 seno
465 1885 551 1929 che
566 1882 715 1927 studia
737 1882 1126 1939 diligentemente,
1151 1883 1333 1938 quando
1349 1883 1589 1937 rethorica,
1613 1885 1795 1940 quando

167 1961 332 2018 logica,
346 1962 528 2017 quando
544 1959 781 2016 filosophia
791 1959 1013 2013 naturale,
1030 1960 1211 2015 quando
1223 1960 1409 2013 morale,
1424 1961 1606 2017 quando
1620 1962 1785 2005 theolo-

166 2038 245 2095 gia
280 2038 490 2095 positiua,
530 2037 713 2093 quando
749 2036 851 2079 libri
886 2035 970 2093 pii,
1010 2037 1192 2093 quando
1228 2036 1420 2094 uolgari,
1446 2038 1629 2093 quando
1657 2038 1794 2095 poeti,

166 2116 349 2170 quando
387 2129 541 2172 greco,
585 2114 767 2171 quando
802 2113 1036 2166 hebraico,
1066 2128 1124 2158 ne
1151 2128 1203 2157 so
1230 2114 1337 2170 qual
1373 2114 1510 2158 habbi
1539 2129 1620 2172 per
1647 2115 1798 2159 studio

165 2190 428 2248 principale.

256 2269 290 2311 Il
322 2269 497 2313 fratello
529 2268 733 2312 Emondo
760 2282 821 2312 ua
847 2267 1043 2311 tuttauia
1068 2267 1381 2325 megliorando
1409 2269 1529 2313 dello
1565 2271 1798 2313 stomacho

163 2360 267 2389 suo:
291 2345 411 2401 dopo
432 2344 570 2402 ognia
591 2344 721 2390 Santi
742 2359 834 2388 non
850 2346 910 2387 ha
925 2343 1003 2400 piu
1020 2352 1177 2388 tenuta
1191 2345 1235 2388 la
1251 2346 1395 2390 classe
1415 2360 1542 2389 suoa.
1564 2347 1672 2391 Solo
1694 2361 1797 2403 per-

168 2422 254 2465 che
274 2421 306 2464 il
328 2422 503 2466 fratello
529 2421 711 2466 Giouan
737 2421 973 2465 Anthonio
1003 2421 1230 2477 Viperano
1256 2422 1393 2479 legge
1422 2437 1513 2466 una
1539 2423 1725 2467 lettione
1752 2423 1797 2466 di

167 2514 308 2556 greco
329 2514 356 2542 a
376 2499 593 2543 studianti
611 2498 847 2552 forastieri,
866 2500 926 2542 ha
947 2499 1057 2542 letto
1075 2513 1166 2542 una
1180 2499 1369 2544 lettione
1385 2501 1504 2545 nella
1519 2500 1662 2557 prima
1678 2501 1795 2544 clas-

168 2591 233 2620 se:
258 2575 628 2632 principalmente
650 2577 713 2619 -ha
739 2583 886 2620 atteso
914 2590 938 2618 a
966 2590 1178 2632 compore
1208 2576 1402 2620 orationi
1423 2578 1480 2620 da
1511 2576 1716 2630 recitare,
1753 2585 1799 2620 et

242 2698 252 2718 ¹
303 2694 530 2730 Edmundus
549 2695 759 2741 Augerius.

237 2757 251 2776 ⁹-
301 2754 416 2789 Hunc
432 2759 710 2789 commemorat
727 2754 810 2801 ipse
825 2754 1089 2791 Mercurianus
1104 2754 1144 2791 in
1158 2755 1274 2802 epist.
1295 2764 1381 2802 500,
1400 2764 1441 2800 17
1457 2755 1687 2791 Decembris
1709 2764 1798 2801 1552

165 2813 349 2850 Perusiae
366 2812 470 2859 data,
489 2812 556 2849 ubi
573 2812 622 2849 de
641 2813 843 2849 Edmundo
861 2819 901 2850 et
918 2815 1069 2861 Joanne
1087 2813 1290 2851 Catallano
1307 2814 1352 2850 fit
1370 2826 1510 2850 sermo.
1538 2815 1668 2862 Epist.
1696 2815 1799 2851 Mix-

167 2876 246 2915 tae,
266 2877 298 2907 t.
322 2881 365 2916 11,
383 2883 473 2918 pag.
493 2870 575 2917 869.

240 2934 255 2954 ⁵
304 2931 470 2967 Corrosa
488 2936 704 2967 atramento
721 2932 854 2968 charta
871 2937 945 2967 est:
966 2931 1040 2967 tria
1058 2934 1178 2969 verba
1195 2933 1274 2980 legi
1292 2944 1368 2969 non
1386 2938 1562 2980 possunt.

239 2994 254 3015 ⁴
296 2992 525 3034 ‘POLANCQ
546 2995 579 3026 t.
604 2999 660 3036 IV,
679 3001 768 3037 pag.
791 2999 871 3037 151,
891 3003 929 3027 n.
950 2990 1034 3036 305,
1052 2997 1185 3029 annot.
1203 3003 1238 3038 4,
1261 2992 1328 3028 ubi
1342 2992 1436 3028 socii
1454 2992 1608 3039 collegii
1626 2993 1800 3040 perusini

172 3051 413 3088 indicantur.
