2014 3476
328 279 396 316 180
825 279 1063 316 EplsToLAE
1089 277 1349 315 MIXTAE-—81
1359 286 1375 314 1

275 379 429 424 diante
460 381 504 423 13
535 379 691 424 diuina
723 380 871 438 gratia
899 381 1122 425 restorara
1147 382 1175 423 ¹.
1207 381 1265 423 Et
1293 394 1387 423 non
1416 380 1546 433 altro,
1576 379 1806 424 senonche
1834 394 1860 423 a
1887 380 1920 423 li

273 451 392 496 santi
414 459 459 495 et
480 451 543 508 pii
566 451 774 496 sacrificii
795 452 852 495 de
874 453 932 496 V.
960 454 1013 495 P.
1044 451 1342 496 humilmente
1368 465 1453 494 con
1478 457 1598 494 tutto
1617 451 1660 494 el
1681 464 1821 494 cuore
1841 465 1920 495 me

274 528 315 572 ci
332 529 622 582 racomando,
643 530 876 586 pregando
898 529 929 571 l’
953 536 1112 574 eterno
1136 527 1304 585 Signor
1318 528 1364 571 10
1381 527 1590 572 conserui
1612 533 1658 572 et
1678 527 1914 584 augmenti

273 620 453 662 sempre
474 622 500 650 a
522 606 667 663 gloria
687 607 762 651 del
783 620 867 649 suo
889 604 1145 650 santissimo
1167 618 1315 648 nome.
1341 606 1413 648 Da
1435 604 1597 660 Napoli
1617 605 1659 650 el
1680 605 1726 647 di
1747 616 1834 648 xlx
1855 605 1918 650 de

273 682 428 740 Magio
457 694 584 739 1554.
610 685 668 727 D.
696 684 753 728 V.
782 685 835 727 P.
862 684 917 726 R.
945 682 1131 725 minimo
1153 681 1200 724 in
1221 683 1307 725 X.⁰
1330 681 1458 738 figlio
1479 687 1526 725 et
1546 695 1696 734 seruo,
1737 711 1739 716 -

1179 759 1445 803 GERoNIMo
1467 759 1673 803 VIGNES.

363 838 629 894 Inscriptio:
651 838 680 895 †
703 838 764 881 Al
785 837 926 880 molto
949 836 1065 880 Rdo.
1091 842 1137 879 et
1157 835 1206 879 in
1227 835 1410 879 Christo
1433 836 1582 880 Padre
1602 834 1918 878 osservandis-

272 911 403 969 simo,
427 914 458 957 il
481 917 534 958 P.
562 917 608 958 M
616 914 651 957 .⁰
675 913 853 971 Ignatio
871 914 927 957 de
945 914 1130 970 Loyola‚
1155 911 1383 970 preposito
1405 912 1620 970 generale
1635 911 1693 955 de
1714 912 1758 955 la
1773 905 1890 956 Com

273 991 443 1048 pagnia
465 993 538 1035 del
560 993 702 1036 Geso.

362 1070 471 1112 Alia
495 1083 653 1111 manu:
681 1081 732 1125 19
753 1068 811 1111 de
833 1067 1039 1124 Maggio:
1065 1067 1169 1111 addi
1193 1079 1248 1123 23
1272 1067 1413 1111 detto.

1036 1303 1139 1346 sn

574 1404 900 1453 [LUDOVICUS
928 1405 1251 1453 GONCALVES
1277 1405 1351 1441 DA
1377 1404 1602 1441 CAMARA

731 1491 918 1534 PATRI
943 1491 1192 1548 JACOBO
1226 1488 1443 1549 MIRON]

849 1593 968 1620 ROMA
995 1593 1041 1619 20
1066 1593 1159 1628 MAJI
1188 1592 1280 1630 1554
1296 1586 1326 1620 ².

264 1668 394 1706 Causa
423 1668 594 1705 Simonis
624 1667 845 1715 Rodrigues
874 1668 1021 1703 Romae
1051 1667 1154 1715 apud
1186 1666 1383 1715 Ignatium
1412 1667 1713 1713 acta.—Magna
1742 1667 1906 1704 demissi

333 1729 449 1765 animi
465 1728 750 1775 significatione
767 1728 1005 1763 sententiam
1023 1727 1243 1773 Rodrigues
1258 1726 1380 1772 audit,
1401 1726 1529 1762 eidem
1547 1727 1900 1774 obtemperaturus.

333 1788 472 1823 —Mox
495 1786 672 1834 superbit
695 1791 735 1821 et
759 1788 881 1822 multa
903 1791 1040 1822 contra
1068 1786 1264 1833 Ignatium
1290 1785 1458 1833 profert,
1484 1791 1662 1833 paratus,
1689 1786 1904 1834 diplomate
1977 1790 1985 1795 '

331 1845 531 1895 pontificio
545 1847 721 1891 obtento,
741 1846 790 1881 ab
805 1845 890 1891 ejus
905 1845 1131 1881 obedientia
1144 1844 1361 1890 discedere3
1381 1844 1452 1880 sed
1464 1844 1590 1891 brevi,
1606 1846 1692 1882 Deo
1705 1857 1775 1893 per
1787 1846 1903 1894 Igna-

334 1906 431 1943 tium
449 1911 489 1942 et
507 1905 773 1941 Salmeronem
792 1905 1023 1951 opitulante,
1041 1905 1255 1952 resipiscit.

1035 1984 1126 2063 Isis.

352 2117 463 2171 Muy
485 2115 600 2159 Rdo.
627 2129 682 2159 en
706 2116 825 2170 Xpo.
854 2115 1018 2159 Padre.

350 2194 416 2237 La
437 2206 615 2236 summa
635 2190 797 2249 gratia,
818 2198 905 2236 ete.
930 2193 1110 2247 Porque
1127 2192 1185 2235 V.
1206 2193 1262 2235 R.
1288 2194 1385 2235 este
1407 2191 1494 2236 alla
1510 2191 1698 2235 auisado
1716 2192 1772 2236 de
1791 2192 1901 2235 todo

259 2271 305 2315 10
326 2285 415 2327 que
436 2284 517 2327 por
538 2273 620 2313 363
641 2283 749 2325 pasa
771 2283 928 2325 acerca
949 2269 1023 2312 del
1045 2271 1098 2312 P.
1131 2270 1266 2313 Mtro.
1299 2268 1478 2322 Simon,
1503 2283 1611 2325 para
1637 2283 1727 2324 que
1749 2269 1897 2325 pueda

260 2348 403 2404 mejor
424 2353 563 2390 tratar
583 2346 649 2390 las
670 2360 799 2389 cosas
821 2349 847 2388 3
868 2345 1009 2389 maior
1029 2345 1173 2403 gloria
1194 2345 1349 2389 diuina
1369 2360 1399 2402 y
1420 2345 1562 2389 maior
1578 2345 1684 2396 bien
1706 2345 1894 2391 uniuer-

259 2426 326 2469 sal
347 2426 404 2470 de
422 2424 467 2468 13
488 2425 754 2480 Compafiia,
779 2438 808 2479 y
830 2438 937 2480 para
958 2437 1047 2479 que
1063 2423 1212 2480 pueda
1228 2423 1442 2467 informar
1457 2423 1516 2467 de
1532 2423 1637 2466 toda
1656 2423 1701 2466 13
1722 2423 1894 2468 uerdad

333 2552 344 2572 ¹
395 2550 471 2584 Ms.
496 2547 721 2584 restorard.

327 2611 342 2631 ²
393 2609 452 2643 Ex
475 2606 707 2643 adversariis
731 2606 771 2642 in
795 2608 873 2642 vol.
907 2607 1036 2655 Epist.
1067 2607 1334 2651 diversorum,
1368 2605 1610 2654 quadruplici
1634 2606 1742 2652 folio,
1766 2619 1805 2643 n.
1831 2607 1896 2653 86,
1948 2614 1952 2617 '

258 2667 365 2715 prius
386 2675 459 2712 1-4.
478 2668 522 2702 P.
541 2665 801 2702 Rivadeneira
819 2671 1113 2702 monumentum
1131 2667 1204 2702 hoc
1222 2666 1415 2713 exaravit,
1433 2665 1567 2702 multis
1584 2666 1748 2712 adjectis
1763 2678 1897 2703 emen-

258 2726 500 2763 dationibus.
525 2726 626 2772 Alia,
653 2725 806 2772 propria
824 2738 954 2772 manu,
973 2725 1122 2761 addidit
1140 2726 1368 2772 plerumque
1387 2726 1593 2769 polemeus,
1611 2737 1711 2773 quae
1730 2726 1897 2772 virgulis

257 2785 478 2833 duplicibus
504 2798 522 2819 «
545 2798 563 2819 »
589 2784 837 2820 includimus.
858 2785 987 2821 Pauca
1009 2784 1200 2832 quaedam
1228 2784 1398 2820 correxit
1422 2785 1645 2821 Ludovicus
1670 2785 1897 2832 Goncalves
1920 2803 1922 2805 ·

258 2845 307 2880 da
324 2845 502 2891 Camara,
519 2849 562 2880 ut
580 2843 807 2890 singillatim
826 2844 907 2880 suis
922 2844 1018 2880 locis
1036 2844 1284 2880 adnotamus.
1313 2845 1425 2891 Quae
1446 2849 1537 2880 sunt
1555 2844 1700 2887 deleta,
1722 2844 1896 2880 minimis

258 2903 559 2952 praetermissis,
590 2903 630 2939 in
659 2903 775 2939 imam
801 2902 982 2950 paginam
1011 2903 1228 2950 rejicimus.
1266 2903 1571 2939 Emendationes
1594 2905 1638 2939 P.
1667 2904 1892 2950 Goncalves

256 2965 361 2999 clare
379 2963 552 2999 indicant
569 2962 811 2998 immutatam
827 2962 999 2998 nonnihil
1018 2963 1140 2998 fuisse
1157 2963 1349 2999 factorum
1364 2964 1664 3010 enarrationem,
1679 2968 1722 2999 ut
1736 2963 1820 3011 ipse
1838 2963 1891 2999 sit

259 3022 325 3070 qui
348 3023 542 3069 loquatur.
573 3021 693 3057 Facili
719 3021 838 3067 igitur
856 3022 1081 3069 conjectura
1110 3022 1339 3058 deducimus
1363 3023 1454 3058 huic
1472 3023 1659 3070 epistolae
1683 3035 1796 3059 suum
1820 3034 1890 3059 no-

261 3094 351 3117 men
369 3081 611 3128 apposuisse,
631 3092 730 3128 quae
749 3081 855 3128 prius
873 3081 948 3117 alio
967 3080 1122 3117 nomine
1139 3081 1283 3129 scripta
1300 3081 1444 3118 fuerat.
