2060 3450
786 248 828 285 18
853 250 1086 286 anRuAmi
1114 258 1204 297 1555
1694 262 1760 300 551

269 347 399 392 Delle
420 362 526 393 cose
546 348 593 392 di
615 349 830 407 Perugia,
848 364 931 407 per
952 365 1076 396 esser
1100 350 1254 408 partiti
1274 351 1461 409 giouedi
1489 360 1691 410 passato,
1714 369 1810 399 non

180 425 241 468 ho
261 425 347 469 che
366 424 462 469 dire
489 426 666 479 adesso,
698 426 830 470 sinon
857 429 942 471 che
969 427 1236 485 monsignor
1264 428 1520 487 vicelegato
1545 432 1556 452 ¹
1581 430 1623 474 ci
1643 432 1810 477 mando

181 501 289 556 quel
308 500 504 559 giouene
533 502 716 556 hebreo,
747 504 993 557 battezat0‚
1023 519 1051 548 a
1072 518 1192 549 casa.
1226 506 1313 550 Del
1340 513 1463 552 resto
1490 520 1571 564 per
1596 507 1640 551 la
1666 508 1813 564 prima

180 578 412 623 comodita
431 579 708 624 scriueremo
727 581 786 624 da
808 581 1023 639 Perugia.
1054 582 1159 627 Alle
1189 582 1383 627 orationi
1404 583 1451 626 di
1476 585 1534 628 V.
1561 585 1616 628 P.
1641 585 1810 628 humil-

180 661 333 700 mente
353 655 395 699 ci
417 657 842 701 racommandiamo.
873 658 1050 714 Questo
1076 658 1205 703 auiso
1231 659 1474 704 scriuiamo
1494 675 1522 704 a
1541 661 1811 719 monsignor

179 732 313 776 Rmo.
347 739 395 777 et
425 734 568 777 Illmo.
604 733 831 779 cardinale
861 734 908 778 di
939 734 1153 792 Perugia.
1188 735 1248 780 Di
1275 737 1464 794 Spoleto
1493 752 1521 781 a
1549 738 1600 782 18
1632 739 1691 783 de
1721 740 1810 784 Fe·—

178 809 313 853 braro
341 820 468 865 1555.
499 811 558 854 D.
584 811 642 855 V.
677 813 731 855 P.
762 825 898 856 seruo
918 811 1096 866 inutile,

982 889 1248 935 EUERARno
1280 892 1626 936 MARcmuAno.

266 963 526 1020 Inscriptio:
546 965 608 1008 Al
627 965 769 1008 molto
791 964 906 1008 Rdo.
931 964 980 1008 in
1000 965 1183 1010 Christo
1211 967 1375 1020 Padre,
1400 967 1431 1010 il
1460 969 1514 1011 P.
1541 969 1604 1012 M.
1630 967 1811 1026 Ignatio

177 1039 236 1084 de
271 1040 458 1096 Loyola,
496 1040 726 1097 preposito
760 1032 974 1098 generale
1010 1042 1129 1087 della
1170 1043 1454 1100 Compagnia
1495 1045 1552 1088 de
1587 1046 1716 1103 Jesfl,
1760 1044 1809 1088 in

177 1117 335 1160 Roma.
361 1117 470 1160 Alia
491 1132 649 1161 manu:
671 1119 771 1162 R.ta
792 1118 867 1162 alli
890 1131 915 1162 2
937 1119 983 1162 di
1005 1120 1175 1164 Marzo.

935 1272 1063 1313 9:36

773 1366 1015 1414 JOANNES
1039 1366 1205 1406 OLIVA

543 1457 730 1501 PATRI
760 1457 1023 1502 IGNATIO
1054 1459 1138 1502 DE
1169 1458 1428 1503 LOYOLA

641 1559 832 1588 SPOLETO
860 1551 903 1587 18
928 1560 1156 1588 FEBRUARII
1183 1560 1273 1598 1555
1299 1554 1329 1588 ².

169 1639 493 1676 Commemoratis
510 1640 587 1677 loci
610 1646 650 1677 et
672 1640 818 1677 civium
840 1640 1212 1688 opportunitatibus,
1234 1642 1394 1678 flectere
1418 1641 1615 1688 Ignatium
1639 1651 1802 1679 conatur

429 1704 473 1735 ut
489 1699 699 1746 collegium
719 1699 926 1736 Societatis
945 1699 985 1736 in
1003 1701 1203 1747 spoletana
1220 1701 1316 1736 urbe
1333 1700 1565 1737 constituat.

259 1801 401 1846 Molto
429 1802 544 1845 Rdo.
571 1802 723 1846 Patre.
749 1803 812 1846 M.
838 1802 1070 1845 Euerardo
1091 1808 1138 1851 es
1159 1804 1221 1846 M.
1258 1801 1486 1846 Aimondo
1508 1803 1523 1824 ³
1547 1817 1663 1847 sono
1690 1803 1796 1847 stati

169 1877 247 1934 qui
268 1878 360 1921 duo
381 1877 545 1935 giomi3
569 1884 616 1922 et
637 1877 759 1922 uisto
780 1878 824 1922 13
845 1877 1113 1934 disposition
1128 1879 1202 1922 del
1222 1880 1391 1935 populo
1408 1886 1454 1924 et
1470 1880 1513 1924 le
1529 1879 1800 1923 commodita

169 1956 254 1998 che
280 1955 369 1998 Dio
395 1970 584 2012 prepara
610 1970 690 2012 per
718 1969 896 1999 recorre
923 1955 1002 2011 qui
1030 1955 1062 1998 il
1081 1962 1241 1999 uostro
1262 1956 1472 2013 collegio,
1503 1955 1568 2014 gli
1590 1956 1804 2000 scriuano

168 2031 407 2088 l'alligata:
438 2031 482 2075 io
508 2032 570 2075 mi
596 2039 777 2088 reporto
805 2033 848 2075 al
874 2033 942 2075 lor
968 2031 1188 2088 giuditio,
1220 2040 1265 2077 et
1295 2033 1365 2077 ala
1391 2032 1686 2090 inspiratione
1714 2035 1801 2077 che

168 2108 255 2152 Dio
276 2109 384 2151 dara
405 2109 475 2152 ala
495 2110 550 2152 R.
575 2109 633 2152 V.
659 2109 723 2161 Io,
747 2115 919 2163 quanto
939 2109 982 2151 al
1009 2109 1193 2163 mondo,
1218 2109 1391 2154 restero
1419 2123 1509 2153 con
1538 2124 1732 2163 rossore‚
1759 2110 1796 2153 si

166 2199 193 2228 a
214 2192 376 2241 questo
397 2185 565 2241 populo
579 2199 671 2228 non
692 2184 732 2228 si
747 2184 967 2229 souuiene
983 2186 1041 2228 da
1056 2184 1131 2239 lei,
1151 2200 1231 2242 per
1248 2192 1476 2231 tratenere
1491 2187 1535 2230 13
1551 2186 1662 2229 citta
1680 2187 1803 2230 nella

167 2261 382 2319 deuotion
409 2263 482 2305 ch’
512 2263 571 2306 ha
597 2261 866 2305 cominciata
892 2269 938 2306 et
966 2262 1084 2306 nella
1110 2261 1368 2306 institution
1389 2264 1446 2307 de
1473 2263 1607 2319 putti:
1639 2277 1800 2319 presso

167 2338 257 2382 Dio
279 2339 410 2395 porro
430 2340 473 2382 la
494 2353 600 2382 cosa
626 2339 728 2384 nele
754 2339 894 2395 spalle
919 2339 1022 2383 dela
1048 2339 1187 2383 carita
1209 2346 1379 2383 nostra.
1413 2341 1471 2383 Et
1500 2339 1598 2383 diro
1625 2342 1710 2383 che
1739 2340 1798 2382 de

167 2417 349 2468 Loreto,
373 2430 510 2460 senza
530 2414 851 2459 incommodita
870 2414 917 2458 di
938 2416 1087 2470 quella
1107 2416 1368 2469 deuotione,
1389 2431 1475 2460 con
1498 2431 1590 2459 uno
1618 2430 1794 2460 acenno

166 2492 212 2535 di
235 2493 291 2536 V.
318 2494 372 2536 R.
397 2493 436 2535 s'
458 2492 644 2536 haueria
665 2493 899 2535 sacerdote
915 2493 999 2535 che
1021 2491 1209 2549 pigliara
1225 2492 1256 2536 il
1273 2508 1382 2550 peso
1398 2493 1646 2550 spirituale,
1667 2507 1798 2537 come

166 2583 280 2625 capo
300 2570 374 2612 del
394 2568 602 2625 collegio,
626 2575 673 2612 et
695 2568 841 2612 uerria
862 2567 939 2624 qui
959 2584 986 2612 a
1007 2570 1158 2612 buone
1178 2584 1341 2615 messe.
1361 2569 1421 2613 Di
1438 2569 1636 2626 Perugia
1653 2568 1691 2612 si
1712 2583 1797 2625 po-

166 2645 278 2689 teria
298 2647 465 2690 hauere
488 2648 550 2689 M.
577 2645 805 2689 Aimondo
820 2659 900 2701 per
915 2659 1027 2702 capo
1047 2646 1148 2691 dele
1167 2647 1344 2701 lettere,
1364 2647 1539 2690 benche
1556 2645 1622 2689 sia
1638 2646 1797 2689 buono

238 2753 248 2773 ¹
299 2750 464 2786 Michael
483 2750 586 2786 della
602 2751 739 2786 Torre.

233 2813 247 2832 2
297 2810 356 2845 Ex
372 2810 550 2856 originali
571 2810 611 2846 in
629 2811 708 2846 vol.
728 2810 773 2855 F,
790 2809 937 2857 duplici
954 2809 1063 2858 folio,
1081 2822 1119 2846 n.
1143 2819 1200 2857 12,
1219 2811 1325 2858 prius
1350 2809 1680 2856 53.-POLANCO,
1700 2815 1729 2845 t.
1750 2819 1794 2856 v,

162 2881 256 2916 pag.
278 2868 339 2915 63,
357 2881 400 2904 n.
428 2869 508 2915 138,
527 2869 765 2905 mentionem
783 2869 877 2905 facit
894 2869 943 2904 de
961 2869 1046 2905 aliis
1073 2869 1250 2916 ejusdem
1276 2870 1445 2906 auctoris
1473 2868 1630 2915 litteris,
1657 2878 1701 2904 22
1730 2870 1799 2916 Ja—

162 2927 287 2964 nuarii
305 2927 456 2974 Ignatio
473 2926 588 2973 datis,
606 2927 748 2975 quibus
765 2928 828 2981 hic
846 2928 1046 2975 rescripsit
1062 2939 1085 2973 9
1102 2928 1321 2965 Februarii.
1345 2928 1491 2965 Cartas
1504 2929 1552 2963 de
1571 2927 1654 2963 San
1671 2927 1799 2976 Igna·

163 2989 239 3030 cio,
258 2993 291 3024 t.
315 2996 357 3034 v,
375 2998 464 3034 pag.
483 2986 552 3032 352
571 2993 624 3026 et.
644 2995 708 3032 50.

236 3049 251 3068 ⁵
301 3046 526 3082 Edmundus
545 3046 754 3092 Augerius.
775 3046 875 3082 Vide
894 3047 1008 3094 epist.
1029 3047 1281 3095 superiorem.
