2080 3536
816 284 875 311 AD
901 283 1126 312 LECTOREM
1696 279 1711 307 1
1720 279 1735 306 1

158 386 459 435 auctoresque
490 377 733 435 diligenter
764 376 946 433 inquiri;
981 373 1373 420 animadvertendi
1398 380 1549 417 tamen
1572 373 1671 416 iure
1703 372 1789 415 sibi

158 455 239 500 uni
254 462 484 501 reservato
505 457 567 498 ¹».
595 456 702 511 Quo
722 453 770 497 in
794 454 914 497 facto
929 452 1190 510 benignitas
1212 466 1323 496 sane
1345 449 1510 508 Ignatii
1538 464 1590 493 ac
1612 448 1790 506 patien-

159 533 223 577 tia
241 547 346 577 cum
367 531 606 588 prudentia
633 531 803 575 sociata
830 530 1056 582 enituere,
1082 543 1245 585 resque
1278 534 1372 571 tota
1401 526 1593 584 posteris
1621 539 1788 569 monu-

162 618 316 655 mento
337 624 438 655 esse
459 615 622 665 potest,
649 621 706 652 20
727 608 836 664 Maj.
867 618 994 662 1554.

251 691 293 743 c)
324 690 327 692 ’
353 686 454 739 His,
471 700 586 742 quae
599 687 837 741 hucusque
853 684 1065 737 diximus,
1086 683 1336 741 singularia
1352 683 1575 738 quaedam
1586 680 1795 725 addenda

160 771 283 818 sunt,
307 763 448 821 digna
470 777 586 819 quae
604 761 790 807 seorsim
814 761 1128 818 inspiciantur.

249 843 306 885 Et
327 840 520 897 primum
542 839 724 895 quidem
746 838 943 883 occurrit
965 838 1227 882 beatissima
1248 838 1370 882 mors
1393 834 1601 882 Silvestri
1622 832 1793 878 Landi-

161 919 223 972 ni,
249 933 384 974 quem
404 931 525 961 anno
548 916 777 973 superiore
798 915 844 958 in
867 915 1068 969 Corsica,
1089 930 1225 972 supra
1246 915 1294 958 id
1316 914 1439 971 quod
1461 915 1660 956 humana
1681 925 1795 954 con-

162 995 272 1039 ditio
294 995 396 1047 fert,
421 1001 467 1038 et
487 995 636 1038 facere
657 1000 703 1037 et
719 993 812 1050 pati
838 992 1051 1047 vidimus,
1077 1007 1212 1049 quern
1236 992 1356 1036 illius
1378 990 1552 1034 insulae
1567 987 1795 1032 habitato—

163 1087 238 1117 res
274 1086 407 1116 suum
438 1077 612 1128 patrem
644 1071 932 1127 appellabant
958 1076 1259 1126 sanctumque
1287 1068 1637 1119 venerabantur,
1670 1076 1712 1119 7,
1744 1074 1795 1119 15

170 1151 302 1194 Mart.
335 1159 460 1204 1554.

257 1226 398 1270 Aliud
418 1232 488 1269 est
509 1226 716 1268 luctuosa
737 1239 789 1267 ac
811 1224 1066 1268 miseranda
1087 1223 1284 1267 servitus
1301 1221 1459 1279 optimi
1471 1220 1661 1279 Joannis
1678 1221 1800 1264 Gut-

170 1302 278 1355 tani,
303 1317 328 1345 e
350 1301 577 1347 Societate
599 1300 860 1353 sacerdotis,
886 1300 963 1356 qui
987 1314 1044 1343 ex
1068 1300 1290 1356 Hispania
1312 1299 1359 1342 in
1388 1298 1559 1342 ltaliam
1590 1311 1693 1340 cum
1716 1311 1798 1340 na·

166 1380 359 1437 vigaret,
385 1395 411 1422 a
433 1378 573 1422 turcis
600 1393 739 1435 prope
762 1377 1000 1434 Neapolim
1029 1392 1149 1420 anno
1175 1377 1410 1433 superiore
1432 1382 1609 1432 captus,
1635 1374 1800 1417 mirum

168 1464 238 1502 est
253 1463 363 1512 quot
380 1470 620 1500 aerumnas
633 1454 917 1500 devoraverit
930 1455 1199 1510 laboresque
1217 1455 1273 1497 ab
1290 1452 1506 1509 improbis
1520 1451 1798 1502 hominibus,

167 1533 290 1577 omni
325 1532 554 1578 destitutis
586 1532 883 1584 humanitate,
915 1531 1167 1588 pertulerit,
1199 1531 1346 1575 donec
1367 1529 1455 1572 illis
1485 1530 1724 1573 confectus
1747 1542 1803 1571 ex

168 1609 367 1667 corporis
388 1624 440 1653 ac
462 1609 693 1653 servitutis
715 1608 909 1652 vinculis
927 1608 974 1651 in
995 1609 1160 1653 laetam
1178 1615 1391 1651 aeternae
1407 1605 1632 1649 libertatis
1649 1619 1804 1648 auram

171 1686 435 1732 evolaverit.
460 1687 531 1729 De
553 1701 607 1730 eo
630 1693 775 1742 agunt
796 1685 926 1742 epist.
957 1686 1090 1729 datae
1118 1684 1255 1740 Majo,
1288 1683 1361 1727 die
1388 1683 1581 1734 incerto,
1609 1692 1662 1736 25
1687 1683 1799 1724 Dec.

181 1774 306 1819 1554,
328 1775 383 1818 23
401 1763 507 1819 Maj.
536 1773 661 1817 1555.
683 1764 787 1819 Qua
808 1762 855 1805 in
876 1778 926 1807 re
946 1761 1110 1819 Ignatii
1132 1761 1330 1805 charitas
1351 1760 1509 1812 eluxit,
1535 1758 1613 1815 qui
1630 1759 1804 1801 nullum

175 1856 266 1885 non
283 1840 423 1884 movit
440 1839 631 1896 lapidem
649 1847 700 1883 ut
721 1839 862 1882 filium
885 1839 971 1882 sibi
993 1838 1274 1882 carissimum
1291 1852 1316 1881 e
1334 1844 1564 1880 turcarum
1582 1842 1807 1892 potestate

175 1917 384 1974 eriperet,
405 1916 638 1973 voluitque
655 1924 706 1960 ut
723 1916 917 1974 singulis
932 1915 1229 1961 hebdomadis
1247 1930 1272 1958 a
1288 1914 1591 1959 siciliensibus
1607 1912 1745 1957 sociis
1767 1912 1808 1954 ei

175 1995 420 2038 referretur
448 1993 557 2049 quid
587 2009 668 2050 pro
700 1995 1010 2050 recuperando
1040 1992 1183 2036 sodali
1216 1992 1433 2049 egissent.
1463 1991 1554 2035 Sed
1577 1997 1807 2034 turcarum

174 2069 363 2114 avaritia
379 2070 573 2114 Guttani
594 2070 689 2114 vita
709 2071 848 2128 longe
864 2070 1135 2127 pertinacior
1158 2069 1259 2112 fuit.

262 2149 385 2192 Inter
406 2149 518 2190 haec
541 2146 806 2203 diligentem
830 2147 1100 2191 Pelletarius
1123 2147 1374 2190 collocabat
1398 2159 1580 2202 operam
1610 2144 1656 2187 in
1678 2158 1810 2187 revo-

175 2224 320 2267 canda
341 2225 398 2267 ab
421 2239 623 2268 errorum
647 2224 846 2267 tenebris
867 2225 924 2267 ad
946 2224 1196 2268 catholicae
1217 2222 1421 2267 veritatis
1441 2223 1591 2266 lucem
1615 2223 1809 2274 Renata,

179 2300 396 2344 Ludovici
413 2301 512 2353 XII,
538 2300 660 2357 regis
677 2301 944 2353 Galliarum,
969 2301 1077 2354 filia,
1098 2300 1228 2344 ducis
1244 2302 1280 2343 F
1283 2299 1478 2345 errariae
1496 2313 1653 2351 uxore,
1673 2312 1809 2353 quam
1859 2335 1867 2346 ,

178 2376 315 2434 impia
335 2377 665 2422 haereticorum
683 2377 849 2421 astutia
864 2378 912 2420 in
930 2378 1132 2421 fraudem
1156 2378 1374 2422 illexerat.
1400 2376 1492 2420 Diu
1514 2378 1626 2419 haec
1648 2373 1814 2419 restitit

180 2453 406 2507 omnibus,
437 2469 554 2510 quae
582 2455 956 2507 admovebantur,
990 2454 1211 2498 machinis
1245 2453 1500 2509 delusitque
1529 2459 1719 2496 conatus
1756 2452 1813 2493 ad

180 2543 280 2574 eam
296 2531 605 2590 dedocendam
621 2531 860 2575 adhibitos.
882 2533 971 2575 Res
987 2533 1223 2588 desperata
1239 2545 1426 2587 prorsus
1439 2531 1693 2581 videbatur,
1710 2543 1813 2572 cum

181 2607 489 2662 Pelletarium,
515 2609 646 2664 cujus
662 2610 734 2652 vel
751 2624 918 2654 nomen
935 2610 1163 2661 horrebat,
1184 2609 1240 2651 ad
1262 2622 1362 2652 sese
1379 2615 1526 2660 vocat,
1547 2621 1650 2650 cum
1670 2620 1815 2661 eoque

177 2683 235 2727 de
256 2683 526 2741 recipiendis
548 2684 874 2729 catholicorum
902 2686 1066 2729 ritibus
1095 2687 1244 2741 deque
1266 2685 1580 2741 amplectenda
1603 2698 1816 2726 romanae

177 2761 398 2805 ecclesiae
413 2761 607 2806 veritate
629 2762 747 2806 serio
769 2762 880 2819 agit.
907 2764 1128 2806 Eumdem
1151 2762 1236 2806 sibi
1258 2762 1371 2819 legit
1386 2775 1496 2805 suae
1513 2759 1815 2804 conscientiae

177 2836 397 2880 arbitrum
427 2838 559 2894 eique
589 2838 766 2896 ingenti
791 2839 961 2883 doloris
998 2854 1135 2883 sensu
1162 2847 1209 2883 et
1236 2838 1522 2883 lacrimarum
1550 2836 1595 2879 vi
1631 2843 1817 2892 peccata

179 2913 440 2976 confitetur.
468 2916 708 2970 Quaenam
730 2916 836 2960 inde
857 2918 1018 2960 oborta
1039 2916 1232 2969 cunctis,
1254 2914 1443 2960 Herculi
1457 2913 1666 2965 maxime,
1686 2911 1817 2957 laeti—

263 3081 272 3100 ¹
324 3078 575 3126 ORLANnmr,
591 3082 698 3117 Hist.
715 3082 802 3118 Soc.
812 3083 914 3130 ses„
933 3083 1006 3119 lib.
1025 3090 1110 3129 x1V,
1128 3096 1167 3119 n.
1186 3093 1223 3129 4,
1239 3092 1274 3128 5.
