2054 3496
737 288 780 326 19
805 279 1040 316 FEBRUARH
1068 285 1160 324 1554
1669 279 1716 324 65

887 520 1009 561 266

610 623 903 662 TIBURTINA
929 622 1283 661 COMMUNITAS

498 720 684 764 PATRI
720 719 984 763 IGNATIO
1021 687 1105 762 DE
1142 718 1405 762 LOYOLA

621 822 776 851 TlBuRE
805 821 848 859 19
872 821 1102 849 FEBRUARH
1128 820 1220 858 1554
1247 814 1274 847 ¹.

387 898 448 934 Ne
466 897 655 934 tiburtina
672 896 882 933 societatis
900 895 1016 932 sedes
1034 897 1209 943 tollatur,
1227 895 1343 932 enixe
1361 901 1513 942 rogant.

938 980 968 1038 †

179 1126 181 1129 ,
223 1076 334 1122 R.d0
357 1078 519 1122 Padre.
541 1077 577 1120 Il
597 1075 803 1133 spiritual
833 1076 974 1119 frutto
995 1076 1080 1119 che
1102 1075 1222 1120 nella
1242 1081 1398 1118 nostra
1413 1074 1523 1118 citta
1544 1077 1581 1118 s’
1602 1076 1627 1118 e
1650 1074 1769 1119 uisto

136 1169 326 1199 nascere
346 1154 464 1198 dalle
484 1152 699 1197 continue
721 1152 934 1209 prediche
955 1159 1001 1195 et
1023 1151 1236 1197 cristiane
1251 1151 1514 1196 esortationi
1531 1152 1643 1196 fatte
1663 1152 1770 1195 dalli

137 1231 238 1275 Rdi.
266 1229 418 1284 Padri,
442 1232 527 1275 che
549 1230 667 1274 della
688 1236 843 1273 uostra
860 1228 1120 1274 uenerabile
1141 1228 1424 1286 Compagnia
1448 1228 1495 1272 in
1516 1228 1703 1274 seruitio
1724 1229 1771 1272 di

137 1309 240 1352 Iesu
261 1307 340 1364 qui
360 1307 610 1361 dimorano,
635 1306 676 1349 ci
705 1305 907 1363 astringe
935 1320 1176 1363 pregarue,
1207 1306 1419 1351 hauendo
1450 1305 1598 1350 inteso
1621 1306 1771 1351 chela

138 1387 194 1430 R.
220 1386 279 1429 V.
299 1387 336 1428 s'
360 1385 386 1428 e
408 1384 595 1428 risoluta
611 1384 766 1428 leuare
781 1385 843 1426 M.
865 1382 1091 1426 Disiderio
1108 1384 1123 1404 ²
1142 1389 1188 1426 et
1204 1382 1447 1440 compagni
1463 1384 1520 1426 de
1537 1383 1630 1439 qui,
1651 1384 1771 1426 forse

139 1477 219 1520 per
243 1468 437 1519 urgente
458 1460 683 1506 necessita
704 1461 761 1504 de
783 1461 899 1504 altro
918 1460 1038 1514 loco,
1063 1462 1148 1505 che
1168 1475 1250 1517 per
1285 1461 1381 1504 solo
1403 1460 1496 1503 Idio
1519 1469 1564 1505 et
1585 1475 1665 1517 per
1685 1461 1773 1504 l'a—

139 1555 238 1584 mor
258 1541 344 1584 che
371 1541 429 1584 V.
461 1541 515 1582 R.
547 1545 716 1582 mostra
743 1537 955 1594 portarci,
986 1538 1169 1593 quando
1198 1538 1317 1582 forse
1338 1552 1475 1582 senza
1496 1552 1678 1582 esseme
1714 1538 1774 1581 da

139 1617 216 1660 noi
238 1616 465 1669 richiesta,
496 1629 555 1659 ne
585 1616 684 1660 fece
705 1615 834 1672 digni
863 1615 908 1658 d’
933 1629 996 1658 un
1024 1621 1151 1658 tanto
1174 1615 1309 1668 dono,
1340 1614 1495 1672 voglia
1516 1628 1639 1659 esser
1660 1629 1772 1658 con—

142 1701 284 1747 tenta,
302 1708 395 1737 non
410 1693 639 1750 possendo
656 1691 1030 1753 agiu[n]gercene
1049 1692 1158 1737 delli
1178 1691 1296 1745 altri,
1316 1693 1402 1736 che
1424 1692 1602 1737 almeno
1625 1691 1773 1747 questi

142 1773 227 1815 che
263 1785 344 1814 ora
370 1769 417 1813 ui
445 1770 623 1823 stando,
655 1784 751 1813 non
778 1770 820 1813 ci
852 1769 951 1813 sian
988 1769 1103 1823 tolti‚
1144 1769 1323 1827 giache,
1364 1783 1494 1813 come
1531 1770 1599 1812 s’e
1628 1770 1770 1822 detto,

142 1863 234 1891 non
252 1847 298 1891 ui
314 1862 463 1891 sonno
481 1862 618 1892 senza
633 1847 792 1900 frutto,
812 1854 858 1891 et
875 1848 960 1891 che
981 1861 1071 1890 non
1090 1861 1148 1891 ne
1169 1861 1296 1890 semo
1312 1846 1388 1890 noi
1404 1861 1509 1890 men
1522 1845 1773 1903 bisogniosi

143 1927 227 1968 che
249 1924 549 1981 quelsiuoglia
569 1925 684 1967 altro
705 1924 888 1981 populo.
915 1925 973 1967 Et
994 1938 1044 1968 se
1063 1939 1145 1980 per
1166 1924 1321 1968 adiuto
1342 1939 1392 1968 se
1420 1925 1544 1968 fusse
1566 1923 1612 1966 in
1645 1924 1774 1979 qual-

143 2003 227 2046 che
262 2008 390 2058 parte
426 2008 635 2045 mancato
656 2016 683 2045 a
704 2001 810 2057 quel
837 2002 923 2044 che
949 2001 1187 2055 doueamo‚
1219 2001 1286 2045 sia
1314 2015 1399 2058 pur
1428 2009 1552 2044 certa
1587 2001 1658 2044 cio
1683 2015 1774 2044 non

143 2093 268 2123 esser
296 2085 413 2121 stata
443 2085 592 2122 mente
620 2078 738 2122 della
765 2084 920 2122 nostra
942 2078 1208 2131 uniuersita,
1239 2079 1284 2122 la
1311 2079 1460 2134 quale,
1491 2079 1529 2122 si
1559 2092 1689 2122 come
1717 2092 1776 2122 ne

145 2156 219 2199 fan
243 2155 344 2199 fede
365 2155 380 2197 i
401 2155 570 2199 decreti
590 2155 664 2198 dei
685 2154 854 2212 publici
875 2155 1096 2212 consegli,
1121 2170 1299 2212 sempre
1320 2158 1378 2199 ha
1405 2155 1612 2199 ordinato
1640 2170 1689 2199 se
1710 2154 1775 2211 gli

145 2231 406 2289 conuenghi
427 2233 484 2275 de
506 2238 677 2287 quanto
698 2247 775 2276 era
796 2233 895 2275 loro
918 2233 974 2276 de
995 2232 1221 2289 bisognio‚
1251 2247 1325 2276 ma
1345 2232 1424 2289 piu
1446 2239 1597 2288 presto
1618 2233 1644 2276 e
1665 2246 1775 2276 cau-

146 2315 260 2361 sato,
285 2323 313 2352 o
334 2309 408 2352 dal
425 2323 538 2365 poco
560 2311 704 2365 poter'
730 2311 815 2353 che
836 2309 879 2351 la
901 2316 1054 2352 nostra
1081 2309 1358 2354 communita
1380 2311 1438 2353 ha
1465 2311 1603 2352 hauto
1626 2308 1775 2364 questi

146 2385 253 2429 anni
274 2385 466 2438 adrieto,
490 2399 572 2442 per
592 2400 715 2430 esser
737 2392 855 2429 stata
876 2385 921 2428 di
942 2385 1160 2429 continuo
1184 2386 1453 2443 trauagliata
1481 2388 1537 2429 da
1563 2385 1775 2442 publiche

147 2462 380 2507 inimicitie
401 2470 447 2507 et
474 2462 559 2515 liti,
592 2477 619 2506 0
646 2463 704 2506 da
734 2477 847 2519 poca
874 2477 984 2506 cura
1014 2465 1100 2508 che
1120 2478 1178 2507 ne
1198 2465 1351 2507 hanno
1372 2465 1511 2507 hauta
1533 2462 1669 2518 quelli
1692 2464 1775 2505 che

148 2541 238 2582 han
260 2546 419 2583 tenuto
441 2539 471 2582 il
492 2540 593 2583 loco
615 2541 699 2584 che
720 2541 832 2583 hora
853 2540 928 2583 noi
950 2547 1147 2584 tenemo.
1180 2540 1332 2594 Siche,
1363 2556 1500 2585 senza
1528 2542 1668 2583 hauer
1689 2539 1776 2581 du-

148 2615 225 2659 bio
242 2618 328 2660 che
344 2631 424 2672 per
444 2617 474 2659 l’
499 2615 684 2661 auenire
705 2619 741 2659 s’
761 2616 926 2660 habbia
943 2632 968 2660 a
984 2618 1202 2670 mancar',
1226 2617 1397 2674 piaccia
1418 2618 1504 2660 alla
1521 2618 1574 2660 R.
1602 2617 1658 2659 V.
1684 2629 1775 2658 non

150 2692 335 2749 negarci
357 2693 451 2736 cosi
482 2694 672 2737 honesta
707 2693 960 2747 adimanda3
995 2696 1095 2747 che,
1128 2694 1244 2738 oltre
1272 2695 1357 2737 che
1394 2694 1468 2736 noi
1497 2692 1618 2746 tutti,
1658 2698 1703 2735 et
1731 2691 1777 2734 in

152 2783 390 2812 commune
410 2776 457 2812 et
478 2768 524 2812 in
550 2769 743 2825 priuato,
774 2785 832 2814 ne
854 2770 918 2827 gli
946 2778 1193 2815 restaremo
1224 2785 1311 2814 con
1332 2770 1533 2827 obligho,
1570 2783 1626 2812 ne
1655 2770 1777 2812 serra

225 2912 234 2931 ¹
284 2910 343 2944 Ex
360 2909 539 2955 originali
557 2909 596 2945 in
610 2911 688 2946 vol.
707 2910 837 2958 Epist.
860 2910 1223 2955 Communitatum,
1238 2912 1383 2959 duplici
1398 2911 1503 2956 folio,
1519 2923 1559 2946 n.
1577 2918 1655 2954 175,
1672 2909 1778 2957 prius

151 2967 368 3005 33.—Usus
385 2972 446 3002 est
462 2968 534 3003 hac
552 2968 718 3014 epistola
735 2969 979 3017 PoLANcus‚
997 2976 1031 3006 t.
1049 2980 1106 3017 iv,
1124 2983 1213 3018 pag.
1234 2980 1275 3006 21
1298 2976 1339 3006 et
1356 2982 1454 3017 seq„
1471 2982 1509 3005 n.
1530 2978 1592 3014 25.

221 3030 235 3049 2
286 3027 330 3062 P.
350 3025 579 3062 Desiderius
603 3027 801 3075 Girardin,
824 3029 936 3076 cujus
953 3029 994 3068 in
1017 3030 1217 3077 superiore
1247 3030 1444 3067 volumine
1470 3029 1618 3064 litteras
1649 3028 1781 3075 plures

155 3085 324 3122 edimus.
344 3085 445 3121 Vide
459 3084 574 3132 infra,
592 3085 707 3133 epist.
725 3086 810 3132 768.

295 3156 486 3186 Emsromn
505 3155 649 3192 Μαι-ΑΕ,
666 3163 740 3186 τοι.
760 3165 808 3189 xv.
1620 3158 1639 3186 5
