2060 3432
871 225 915 253 ιο
938 217 1039 261 MAJI
1066 224 1156 262 1555
1688 215 1760 261 659

190 319 330 366 etiam
351 332 453 364 esso
474 325 630 363 nostro
651 318 818 376 Signor
838 319 980 362 molto
1000 317 1042 362 ci
1063 319 1121 361 ha
1142 317 1316 371 aiutati‚
1340 318 1426 362 che
1446 316 1524 374 pisl
1545 317 1695 361 danno
1715 331 1807 360 non

190 396 235 440 ci
255 395 419 440 habbia
440 396 568 439 fatto.
592 394 717 439 Iddio
738 394 768 438 li
788 394 992 452 perdoni,
1015 401 1062 439 et
1082 409 1109 438 a
1128 393 1204 438 noi
1224 393 1266 438 ci
1286 393 1361 438 dia
1381 392 1642 451 cognitione
1662 393 1708 437 di
1731 393 1808 437 tali

191 471 396 517 maluasi.
434 471 672 516 Crediamo
705 472 805 518 chel
831 472 897 517 sia
922 471 969 515 di
996 471 1144 527 questi
1171 473 1257 516 che
1291 485 1443 515 vanno
1479 485 1560 528 per
1585 470 1617 513 il
1643 471 1809 514 mondo

191 556 370 606 portare
391 555 549 604 queste
570 548 867 606 indulgentie,
891 555 938 592 et
957 563 1063 605 pare
1084 550 1169 593 che
1188 548 1291 593 vole
1312 548 1529 605 adoprare
1548 547 1579 590 li
1600 547 1702 590 libri
1724 549 1809 591 che

186 627 251 668 ha
270 624 431 678 robati,
455 626 620 681 perche
640 639 751 669 sono
772 624 967 669 sermoni
987 625 1046 669 de
1066 631 1195 669 santo
1222 623 1464 681 Agostino‚
1489 623 1677 677 Ecckio‚
1696 623 1808 667 Clil-

186 715 351 755 soneo,
383 701 700 746 concordantie
731 701 955 759 maggiori
985 708 1031 747 et
1061 701 1238 754 minori,
1266 700 1487 744 virtutum
1520 707 1566 746 et
1596 700 1810 744 vitiorum

187 779 410 835 exempla,
436 785 481 822 et
501 777 638 821 biblia
659 786 705 822 et
725 778 826 822 altri
846 778 996 834 simili,
1019 793 1156 823 overo
1176 777 1407 835 pensiamo
1422 779 1508 823 che
1523 777 1590 821 sia
1604 777 1806 822 ssratato.

188 854 391 898 Haueria
413 869 518 898 6310
539 856 624 898 6116
643 854 675 900 li
697 855 813 911 putti
834 857 895 897 m’
919 854 1166 899 auisassino
1187 855 1226 898 si
1246 869 1360 899 sono
1389 854 1496 899 stati
1524 854 1573 898 in
1602 868 1708 898 casa
1728 868 1811 897 sua

188 931 238 974 in
254 932 492 983 Anchona,
508 931 546 974 si
561 930 608 974 in
626 933 793 976 Pesaro
807 933 958 975 hanno
972 931 1078 974 visti
1093 930 1275 975 alehuni
1292 930 1391 974 suoi
1407 930 1598 988 parenti,
1616 945 1644 974 o
1660 929 1808 984 amici,

191 1022 220 1051 o
241 1007 506 1061 conosciuti‚
530 1015 576 1052 et
596 1007 643 1051 in
664 1009 749 1051 che
769 1009 875 1065 logo
896 1008 954 1052 de
975 1010 1157 1052 Pesaro:
1176 1014 1222 1051 et
1243 1007 1503 1052 finalmente
1522 1006 1561 1052 si
1580 1007 1676 1050 loro
1697 1007 1812 1051 heb-

191 1085 301 1128 bere
322 1084 482 1127 caualli
503 1085 652 1141 doppo
673 1086 859 1128 Rauena
885 1084 984 1128 sino
1015 1099 1041 1127 a
1068 1085 1268 1139 Loretto‚
1290 1090 1337 1128 et
1367 1099 1417 1129 se
1444 1085 1743 1141 albergorono
1765 1082 1812 1126 in

189 1174 297 1204 casa
312 1159 356 1203 di
379 1159 553 1217 parenti
575 1175 602 1204 o
624 1161 888 1215 conosciuti‚
913 1168 960 1206 et
984 1175 1035 1206 se
1065 1175 1207 1205 sanno
1236 1160 1268 1203 il
1299 1174 1432 1204 nome
1462 1162 1519 1205 de
1550 1160 1700 1217 quella
1730 1174 1813 1203 sua

190 1236 359 1290 baillia,
384 1238 501 1281 della
521 1238 670 1293 qualle
689 1253 762 1283 me
783 1237 996 1282 scrissero
1026 1239 1054 1282 ¹.

282 1313 463 1357 Habbia
483 1313 632 1369 questi
652 1315 698 1357 di
720 1314 832 1358 fatto
852 1329 914 1357 vn
940 1313 1140 1371 xpiano.‚
1163 1321 1317 1358 nostro
1348 1298 1688 1358 cathecurneno.
1714 1315 1812 1358 Ha-

190 1389 382 1434 ressimo
405 1403 510 1433 caro
531 1389 577 1432 di
598 1405 756 1447 sapere
783 1405 832 1434 se
859 1391 902 1434 la
928 1391 1052 1434 bulla
1081 1391 1155 1436 del
1181 1406 1296 1448 papa
1318 1392 1462 1436 Paulo
1482 1390 1516 1445 ¹,
1547 1390 1666 1434 circa
1686 1390 1719 1434 il
1739 1406 1812 1435 re-

191 1481 374 1511 manere
394 1466 426 1508 li
447 1465 568 1510 bieni
590 1481 616 1509 a
630 1466 774 1522 judei,
795 1466 861 1510 sia
876 1466 923 1510 in
939 1466 1112 1524 vigore,
1132 1475 1178 1511 et
1198 1469 1367 1512 hauere
1387 1483 1478 1512 vna
1498 1467 1627 1524 copia
1646 1467 1692 1511 di
1712 1482 1813 1511 essa

190 1543 331 1597 bulla,
355 1545 521 1600 perche
542 1542 668 1587 molti
690 1543 767 1600 qui
787 1543 835 1586 in
855 1545 891 1587 F
894 1558 1043 1588 errara
1063 1544 1226 1588 dicono
1252 1544 1417 1588 volersi
1438 1545 1532 1589 fare
1553 1543 1739 1602 xpiani.,
1763 1558 1812 1588 se

189 1622 235 1664 la
254 1621 351 1664 loro
371 1621 480 1664 roba
501 1619 565 1677 gli
587 1627 795 1665 restasse.
819 1620 880 1665 Di
900 1620 1046 1677 gratia
1062 1621 1105 1664 la
1129 1624 1180 1665 P.
1206 1623 1262 1666 V.
1290 1621 1332 1665 ci
1353 1621 1482 1665 auisi.

281 1699 357 1742 Me
377 1697 551 1754 pareria
570 1698 722 1741 buono
743 1697 956 1741 mandare
975 1698 1019 1742 16
1039 1705 1192 1742 nostre
1213 1698 1525 1742 constitutioni
1540 1697 1588 1741 in
1605 1697 1808 1755 Pariggi,

186 1773 318 1821 accio
335 1788 384 1818 56
399 1787 457 1817 116
472 1773 659 1827 aiutino,
673 1774 838 1830 perche
853 1788 925 1818 me
940 1789 1047 1831 pare
1062 1776 1148 1818 6116
1162 1775 1225 1818 iui
1242 1774 1368 1818 molti
1383 1774 1429 1818 di
1444 1775 1541 1818 loro
1557 1773 1810 1831 argomenti

190 1852 231 1897 si
251 1853 442 1897 soluono
464 1852 498 1905 ³,
522 1864 651 1894 come
672 1852 698 1896 ὁ
719 1852 1016 1896 d’admettere
1036 1866 1226 1909 persone
1246 1850 1430 1905 infame,
1455 1858 1543 1895 etc.

279 1929 315 1973 Il
335 1927 561 1973 cardinale
582 1927 628 1970 di
650 1929 825 1972 Lorena
846 1929 862 1949 ⁴
884 1943 974 1972 non
997 1929 1023 1972 ἑ
1043 1935 1232 1982 venuto,
1257 1929 1314 1972 ne
1336 1929 1471 1973 credo
1492 1930 1578 1973 che
1599 1943 1764 1986 venga;
1785 1942 1812 1971 o

190 2006 258 2050 sel
277 2007 400 2058 vera,
426 2019 517 2047 non
539 2004 785 2060 fennensi,
809 2002 888 2062 per
908 2020 1000 2049 non
1020 2019 1171 2060 essere
1191 2005 1269 2061 qui
1290 2005 1321 2048 il
1342 2006 1460 2049 duca
1483 2007 1514 2049 ⁵.

280 2081 407 2126 Tutti
429 2081 570 2125 siamo
586 2081 698 2135 sani,
718 2081 864 2138 gratia
880 2082 921 2125 al
938 2082 1105 2139 Signor
1120 2089 1290 2136 nostro,
1311 2089 1357 2127 et
1373 2081 1653 2139 prieghiamo
1667 2081 1699 2124 il
1715 2097 1811 2127 me-

190 2159 323 2202 demo
345 2172 425 2215 per
445 2159 488 2201 la
509 2159 562 2201 Ρ.
587 2159 646 2202 V.
670 2165 717 2202 et
738 2158 843 2202 tutti
866 2158 1000 2203 Padri
1022 2167 1067 2203 et
1088 2159 1265 2203 fratelli.
1290 2161 1362 2204 De
1382 2160 1419 2203 F
1421 2173 1570 2203 errara
1586 2159 1660 2203 alli
1688 2172 1738 2202 10
1755 2159 1812 2203 de

192 2234 380 2292 Maggio
408 2244 533 2290 1555.
558 2236 628 2278 De
647 2235 692 2278 13
714 2237 766 2279 Ρ.
792 2237 850 2279 V.
875 2235 1078 2293 figliuolo
1105 2236 1180 2281 nel
1206 2235 1364 2293 signor
1393 2243 1547 2280 nostro
1566 2237 1678 2294 Jessi
1706 2237 1808 2290 X.⁰,

974 2312 1222 2357 GIOUANNI
1246 2314 1571 2357 PELLETARIO.

280 2388 316 2431 Π
336 2401 524 2431 numero
545 2387 591 2430 di
611 2388 854 2441 schuolari,
885 2400 981 2432 100.

281 2451 347 2508 La
369 2466 422 2518 B.
447 2465 505 2508 V.
531 2478 581 2509 se
601 2463 740 2520 degni
761 2463 1046 2508 rimandarmi
1073 2464 1120 2507 in
1146 2464 1290 2509 dietro
1316 2466 1358 2509 le
1386 2473 1454 2510 tre
1481 2480 1587 2522 pare
1608 2467 1624 2488 ⁶
1647 2465 1705 2510 de
1725 2465 1811 2508 let-

193 2547 290 2584 tere
311 2539 389 2596 qui
410 2540 620 2584 mandate
641 2539 761 2584 circa
781 2542 844 2585 M.
864 2542 901 2584 F
902 2555 1131 2586 rancesco.

265 2659 277 2681 ¹
327 2658 435 2693 Haec
449 2657 624 2693 adhibuit
641 2657 858 2704 POLANco,
872 2663 901 2694 t.
916 2666 958 2705 v,
975 2670 1068 2705 pag.
1094 2658 1262 2706 135-136,
1280 2672 1322 2696 n.
1346 2659 1518 2706 384-385.

263 2719 278 2739 ²
327 2716 438 2752 Pauli
454 2717 511 2752 III
529 2717 665 2753 Const.
685 2717 827 2764 Apost.
852 2716 1078 2764 Cupientes,
1097 2727 1140 2754 21
1161 2719 1289 2755 Martii
1309 2727 1416 2765 1542.

263 2777 278 2797 ³
327 2775 463 2811 Lectio
486 2775 617 2821 dubia;
642 2775 889 2812 emendatum
914 2776 1018 2812 enim
1041 2777 1098 2813 sic
1122 2777 1197 2814 fuit
1221 2780 1384 2815 verbum
1411 2778 1516 2826 prius
1542 2778 1742 2825 scriptum,
1769 2783 1812 2815 ut

191 2845 296 2871 nunc
313 2834 517 2881 perspicue
534 2834 614 2881 legi
631 2845 709 2870 non
726 2835 862 2882 possit.

261 2896 276 2916 ⁴
324 2893 486 2929 Carolus
504 2892 554 2929 de
571 2893 708 2936 Guise,
727 2893 932 2930 cardinalis
949 2895 1204 2942 lotharingus.

262 2954 277 2975 ⁵
326 2953 516 2988 Hercules
534 2952 582 2988 de
602 2953 709 2999 Este,
729 2953 928 2990 Ferrariae
945 2953 1038 2990 dux.

263 3013 278 3035 ⁶
327 3011 463 3048 Lectio
479 3011 610 3047 dub’ia.
