2080 3536
360 218 382 253 8
977 230 1035 258 AD
1060 230 1288 259 LECTOREM

316 320 469 365 siones
501 320 682 378 collegii
710 329 937 376 enarrant,
963 322 1139 368 litterae
1161 325 1416 380 abulenses,
1448 326 1613 384 15Jan.
1639 334 1766 380 1555,
1786 330 1832 368 et
1848 323 1947 380 pla-

315 396 540 450 centinae,
583 410 600 441 1
620 399 722 456 Jan.
757 409 883 455 1555,
910 399 1075 456 quibus
1097 400 1256 445 merito
1281 402 1573 459 adjungenda
1600 407 1670 447 est
1691 416 1829 446 aurea
1849 399 1946 458 epi-

315 474 440 533 scopi
472 475 701 520 ovetensis
733 476 936 533 epistola,
973 478 1127 522 sedem
1151 477 1392 522 Societatis
1416 477 1463 521 in
1491 492 1574 522 sua
1592 462 1947 523 ‘dioecesi-'enixe

316 551 624 608 efflagitantis,
654 553 679 597 8
697 553 804 609 Maj.
837 564 963 609 1555.

405 630 682 675 Laudandae
703 630 838 675 etiam
859 638 967 674 sunt
985 633 1037 674 P.
1053 633 1184 689 Joan.
1208 633 1335 675 Btae.
1357 632 1414 675 de
1433 634 1610 685 Barma,
1632 632 1725 688 qui,
1749 631 1950 677 adscitus

316 704 362 748 in
399 713 572 762 partem
604 707 953 767 gubernationis
989 707 1247 764 provinciae
1284 707 1544 764 aragoniae,
1584 715 1636 752 ut
1670 707 1953 753 commodius

317 784 368 826 P.
398 783 590 827 Estrada
606 783 901 828 concionibus
926 791 1121 837 vacaret,
1147 799 1218 829 res
1241 785 1298 828 ad
1320 799 1420 829 eam
1442 784 1718 842 provinciam
1739 792 1951 842 spectan—

317 866 400 912 tes,
426 859 616 904 diversis
639 876 695 906 ex
711 861 821 904 locis
844 861 1021 919 Ignatio
1040 861 1324 918 Borgiaeque
1342 861 1583 927 scribebat,
1610 875 1661 906 Io
1677 864 1795 907 Nov.
1822 871 1949 918 1554,

315 948 343 990 4
364 937 402 979 F
404 937 513 990 ebr.,
536 939 701 996 7Jun.,
723 939 777 982 28
795 940 887 996 Jul.
915 949 963 993 15
970 950 992 993 5
1000 950 1040 994 5.
1062 938 1271 994 Denique
1292 937 1340 981 in
1362 938 1506 995 pretio
1528 946 1636 983 sunt
1662 939 1839 984 litterae
1862 941 1952 983 Pa-

319 1013 398 1057 tris
426 1014 617 1058 Antonii
641 1016 698 1059 de
726 1017 951 1069 Cordoba,
984 1030 1075 1059 non
1103 1015 1150 1058 in
1179 1030 1269 1059 uno
1305 1016 1404 1059 loco
1432 1015 1641 1078 scriptae,
1667 1030 1784 1072 quae
1804 1017 1952 1062 lucem

319 1090 458 1134 initiis
490 1091 576 1135 illis
597 1092 927 1149 cognoscendis
960 1099 1198 1150 spargunt,
1239 1105 1288 1136 12
1319 1093 1465 1149 Aug.,
1493 1106 1548 1148 30
1571 1094 1718 1150 Sept.,
1745 1094 1799 1137 28
1823 1094 1950 1147 Oct.,

324 1181 380 1227 29
402 1170 509 1213 Dec.
542 1180 669 1224 1554.

411 1247 539 1291 Haec
561 1248 617 1290 de
638 1247 879 1303 provinciis
896 1247 1152 1305 hispanicis.
1174 1249 1266 1293 Sed
1283 1251 1415 1293 nemo
1432 1248 1657 1292 existimet
1672 1247 1778 1292 alibi
1794 1247 1951 1293 Socie-

321 1330 457 1367 tatem
476 1339 567 1367 non
585 1324 752 1368 similes
769 1331 848 1368 aut
864 1325 1055 1380 majores
1073 1324 1208 1369 etiam
1226 1324 1469 1380 aliquando
1488 1339 1755 1382 progressus
1773 1324 1948 1369 fecisse.

324 1402 461 1456 Quod
485 1409 533 1444 ut
561 1403 842 1455 ostendatur,
875 1402 948 1446 vel
975 1401 1173 1445 indicare
1202 1401 1368 1445 sufficit
1396 1402 1664 1445 tiburtinum
1692 1401 1952 1459 collegium,

324 1485 651 1535 perangustum
669 1480 905 1531 hactenus,
926 1478 973 1521 in
990 1479 1215 1522 conducta
1238 1479 1391 1531 domo,
1412 1493 1561 1534 neque
1579 1478 1686 1522 satis
1703 1478 1954 1531 commoda,

323 1555 477 1608 situm,
504 1555 780 1599 domicilium
803 1570 855 1598 ac
879 1556 1095 1612 templum
1117 1555 1348 1612 proprium
1370 1557 1457 1599 hoc
1480 1570 1599 1599 anno
1626 1561 1959 1611 consequutum

325 1632 480 1685 fuisse,
529 1646 580 1690 19
607 1635 730 1690 Jan.,
779 1646 845 1691 19,
888 1645 959 1686 21,
1003 1647 1058 1688 30
1090 1634 1202 1691 Jul.,
1235 1646 1303 1687 11,
1345 1645 1401 1676 20
1438 1634 1585 1690 Aug.,
1627 1643 1652 1687 7
1680 1634 1792 1677 Dec.
1829 1642 1955 1687 1554:

326 1709 512 1753 Laureti
555 1710 763 1755 stabilem
805 1711 959 1755 sedem
1005 1709 1220 1755 Societati
1264 1725 1364 1755 esse
1405 1709 1621 1767 positam,
1668 1721 1693 1764 7
1735 1711 1837 1768 Jan.
1853 1743 1863 1762 ,
1909 1720 1960 1762 17

328 1787 434 1843 Aps·
465 1797 592 1842 1555:

412 1863 602 1920 Neapoli
639 1870 685 1909 et
721 1864 954 1909 Ferrariae
983 1873 1286 1920 comparatam
1317 1863 1483 1907 nostris
1521 1864 1706 1907 domum
1739 1870 1785 1908 et
1811 1876 1962 1906 aream

327 1940 668 1985 exaedificando
690 1941 888 1998 ccllegio
912 1941 1217 1998 peridoneam,
1250 1951 1298 1996 15
1323 1942 1359 1984 F
1362 1941 1477 1994 ebr.,
1501 1951 1543 1996 5,
1570 1941 1637 1994 18,
1663 1954 1731 1998 19,
1754 1953 1809 1996 30
1831 1939 1960 1996 Maj.,

334 2031 384 2061 Io
407 2019 534 2075 Aug.
567 2029 692 2074 1554:

416 2096 667 2152 Argentae,
694 2096 815 2153 quod
838 2095 1053 2152 oppidum
1072 2094 1118 2137 in
1136 2094 1308 2139 ditione
1325 2102 1394 2138 est
1411 2094 1540 2138 ducis
1557 2096 1592 2139 F
1596 2093 1805 2148 errariae,
1824 2092 1963 2138 colle-

330 2171 456 2229 gium
474 2171 750 2225 inchoatum,
773 2185 829 2226 24
846 2172 974 2228 Maj.,
1002 2183 1050 2227 15
1075 2173 1221 2228 Sept.,
1249 2184 1301 2226 14
1317 2173 1436 2215 Nov.
1468 2181 1593 2226 1554:
1615 2171 1845 2214 sublatum
1862 2168 1964 2225 qui-

328 2249 431 2294 dem
452 2249 752 2306 eugubinum,
780 2250 834 2292 28
853 2250 888 2292 F
891 2250 1006 2302 ebr.,
1030 2261 1084 2292 22
1103 2251 1257 2302 Mart.,
1284 2249 1327 2301 6,
1350 2249 1404 2291 28
1423 2250 1556 2304 Apr.;
1581 2248 1662 2291 sed
1679 2253 1965 2304 prospectum

324 2326 441 2380 aliis,
466 2327 704 2371 florentino
727 2341 907 2383 nempe,
934 2326 1196 2378 mutinensi,
1223 2333 1403 2378 veneto,
1429 2317 1657 2382 patavino,
1676 2321 1964 2374 bononiensi,

330 2403 558 2459 perusino.
797 2447 799 2450 ⁸

416 2482 609 2525 Genuae
645 2480 837 2523 docendi
873 2478 1068 2532 initium,
1109 2479 1296 2524 ineunte
1326 2478 1589 2531 Novembri,
1631 2478 1818 2531 factum,
1845 2477 1968 2533 quod

331 2558 577 2614 frugiferae
596 2556 936 2614 progressiones
958 2556 1005 2599 in
1026 2555 1187 2600 litteris
1211 2562 1257 2600 et
1277 2555 1447 2598 virtute
1469 2562 1578 2598 sunt
1594 2561 1919 2610 consequutae,
1941 2554 1967 2597 8
2030 2548 2033 2550 ’

335 2635 462 2689 Oct.,
493 2646 541 2690 15
566 2636 704 2687 Nov„
737 2647 786 2689 13
809 2636 916 2678 Dec.
950 2643 1075 2688 1554,
1099 2634 1263 2690 3Jan.,
1294 2644 1319 2686 7
1343 2634 1477 2676 Mart.
1511 2641 1637 2686 1555.

418 2714 520 2770 Jam
544 2710 842 2768 Monteregali
866 2710 912 2753 in
935 2709 1103 2763 Sicilia,
1130 2708 1349 2761 Bibonae,
1375 2707 1611 2765 Syracusis
1633 2708 1825 2766 (praeter
1847 2708 1970 2752 Mes·—

336 2803 491 2832 sanam
520 2795 566 2832 et
595 2790 887 2840 Panormum,
919 2786 999 2830 ubi
1021 2786 1115 2842 jam
1143 2785 1315 2842 pridem
1343 2785 1641 2828 versabantur
1668 2783 1824 2840 nostri)
1853 2798 1970 2840 quae

338 2865 617 2910 incrementa
644 2863 893 2921 susceperit
921 2862 1146 2916 Societas,
1186 2868 1370 2906 narrant
1398 2860 1618 2904 sodalium
1648 2860 1879 2917 epistolae,
1914 2860 1971 2904 26

341 2944 495 2995 Mart„
520 2944 692 2999 4Jun.,
725 2954 792 2996 13,
821 2953 872 2984 21
894 2940 1007 2999 Jul.,
1040 2951 1095 2995 23
1125 2939 1273 2995 Sept.,
1300 2950 1372 2991 22,
1405 2950 1461 2991 24
1479 2938 1584 2981 Oct.
1618 2948 1744 2992 1554,
1771 2938 1826 2981 28
1843 2939 1969 2995 Jan.,

346 3031 399 3061 10
422 3020 576 3072 Febr.,
603 3019 676 3071 26,
703 3030 759 3076 29
782 3019 914 3074 Apr.,
939 3017 1075 3075 9Jul.
1104 3026 1228 3071 1555.
