2060 3450
300 231 370 266 512
790 223 1032 259 EPISTOLAE
1057 222 1345 270 M1x‘rAE—923

252 325 308 367 ad
329 324 652 380 predicandum
670 325 755 370 Dei
772 326 979 377 verbum,
1001 325 1219 381 fugarunt
1237 339 1262 368 e
1280 326 1447 382 templo
1463 326 1704 383 lapidibus,
1727 335 1772 373 et
1789 327 1895 373 aliis

251 401 395 454 malis,
420 416 511 445 non
534 401 630 445 sine
646 417 814 458 magno
831 401 950 445 vitae
966 416 1075 444 suae
1091 401 1308 457 pericu103
1331 409 1391 457 et,
1411 402 1498 446 nisi
1515 403 1750 448 cuiusdam
1769 404 1887 448 ciuis

251 479 434 522 domum
451 478 678 531 intrasset,
694 478 741 521 in
758 478 918 534 plateis
933 477 1208 522 occidissent
1226 479 1255 521 ¹:
1274 485 1400 522 tanta
1413 486 1482 524 est
1498 479 1570 523 hic
1583 483 1883 536 quorumdam

236 579 238 582 ·
253 554 541 611 peruersitas.

339 633 436 675 Nos
452 632 525 675 hic
540 632 727 688 pacifice
743 646 994 675 manemus:
1016 631 1147 675 solito
1165 646 1289 675 more
1312 632 1671 678 confessionibus
1693 635 1882 680 audien·

253 708 321 751 dis
343 719 592 765 occupatus
616 709 693 752 fui.
722 710 845 752 Ante
873 707 1074 764 vigiliam
1102 707 1197 751 diui
1227 710 1432 753 Thomae
1459 710 1682 766 appostoli
1710 711 1884 756 Nouio-

252 801 436 843 magum
465 787 695 842 profectus
726 800 844 838 sum3
878 799 1073 840 cumque
1102 784 1164 827 ibi
1197 800 1360 838 essem,
1390 793 1435 829 et
1463 786 1510 829 in
1537 786 1693 843 vigilia
1723 788 1894 833 natalis.

253 863 450 915 Domini,
466 861 722 907 celebrandi
740 861 903 919 gratia,
924 877 1058 906 mane
1076 863 1293 918 templum
1311 861 1541 911 intrarem,
1563 870 1715 907 tantus
1731 865 1887 922 populi

252 954 501 983 concursus
525 941 672 983 sactus
694 946 778 991 est,
804 946 869 991 vt,
895 938 1032 982 missa
1053 938 1196 991 finita,
1218 940 1434 994 templum
1458 939 1614 996 egredi
1635 955 1727 984 non
1743 941 1886 985 licue-

252 1017 325 1071 rit,
351 1001 585 1073 cupientes
607 1030 765 1059 omnes
782 1016 913 1059 nobis
936 1015 1158 1069 confiteri,
1184 1030 1375 1071 quorum
1398 1016 1707 1061 confessiones
1729 1017 1886 1062 audire

251 1093 398 1150 incepi
419 1109 500 1150 per
522 1100 667 1136 totum
691 1092 810 1137 diem
833 1093 976 1145 illum,
1002 1099 1048 1136 et
1069 1108 1149 1149 per
1171 1099 1440 1145 noctem‚·et
1461 1093 1579 1137 diem
1601 1094 1763 1138 natalis
1785 1097 1883 1138 Do·

251 1171 375 1227 mini,
401 1177 446 1214 et
468 1170 630 1213 diebus
651 1169 963 1225 sequentibus,
990 1184 1081 1212 non
1112 1169 1208 1213 sine
1231 1170 1477 1212 multorum
1506 1170 1813 1215 consolatione
1835 1171 1881 1214 in

250 1247 462 1301 Domin03
496 1253 757 1303 quantoque
786 1246 956 1289 diutius
987 1245 1262 1302 Nouiomagi
1298 1247 1551 1299 manebam,
1587 1254 1713 1291 tanto
1735 1248 1890 1305 magis⁴

251 1340 467 1370 numerus
484 1325 754 1380 augebatur3
782 1323 859 1379 qui
881 1338 1038 1367 omnes
1058 1323 1193 1366 vitam
1216 1330 1474 1368 statuerunt
1496 1324 1704 1369 ordinare
1721 1324 1767 1368 in
1784 1339 1880 1368 me-

250 1402 352 1445 lius.

340 1482 585 1523 Matertera
614 1479 676 1521 M.
710 1476 981 1521 Theodorici
1011 1476 1181 1520 Canisii
1204 1477 1237 1531 ²,
1263 1491 1379 1533 quae
1403 1477 1620 1522 Societati
1648 1479 1809 1521 domos
1837 1486 1893 1523 et

249 1558 399 1600 locum
421 1556 514 1608 dat,
534 1554 633 1611 ipso
649 1554 723 1599 die
740 1553 901 1597 natalis
918 1552 1102 1597 Domini
1121 1553 1168 1595 in
1184 1554 1317 1596 domo
1339 1553 1531 1609 hospitis
1549 1554 1652 1608 mei,
1674 1556 1734 1598 M.
1757 1556 1894 1598 Tho--

249 1648 350 1677 mae
379 1632 528 1676 Buiiss
557 1630 649 1688 (qui
678 1630 838 1675 decani
867 1630 988 1674 vices
1019 1629 1150 1686 gerit)
1174 1631 1208 1684 ⁵,
1240 1629 1456 1673 infirmari
1483 1630 1685 1686 grauiter
1713 1631 1887 1687 coepit..

250 1711 408 1754 Altera
429 1707 590 1752 natalis
615 1706 811 1760 Domini,
835 1713 885 1749 vt
907 1721 1039 1749 suum
1063 1706 1261 1749 firmaret
1283 1705 1579 1762 propositum,
1605 1706 1711 1751 fecit
1726 1707 1879 1751 vocari

247 1787 362 1830 duos
390 1785 598 1829 scabinos
621 1785 654 1837 ⁴,
679 1783 726 1826 in
755 1798 946 1839 quorum
973 1782 1215 1839 presentia,
1242 1797 1346 1826 cum
1375 1783 1567 1826 testibus
1596 1785 1653 1827 ad
1677 1785 1765 1827 hoc
1794 1785 1883 1827 de·—

248 1863 432 1920 putatis,
458 1863 618 1904 domos
641 1867 685 1905 et
707 1862 856 1903 locum
878 1861 1006 1904 daret
1034 1861 1097 1903 M.
1131 1859 1413 1904 Theodorico
1443 1860 1627 1903 Canisio
1660 1861 1717 1903 ad
1743 1875 1878 1903 Vsum

249 1938 504 1991 Societatis,
519 1938 583 1981 sic
603 1937 722 1980 enim
741 1937 980 1981 videbatur
996 1935 1151 1979 amicis
1169 1936 1395 1992 expedire,
1416 1943 1599 1993 propter
1616 1936 1701 1980 alia
1717 1937 1878 1980 incon-

252 2015 493 2069 uenientia3
528 2015 609 2059 sed
645 2013 817 2057 scabini
853 2014 1097 2057 noluerunt
1130 2012 1300 2065 venire,
1337 2013 1548 2057 timentes
1580 2013 1729 2070 magis
1760 2013 1878 2056 indi-

248 2093 511 2150 gnationem
542 2090 752 2144 hominis,
789 2105 923 2146 quam
960 2089 1047 2134 Dei
1083 2089 1419 2145 omnipotentis.
1455 2089 1660 2146 Virginis
1694 2091 1831 2134 frater
1864 2092 1878 2113 ⁵

318 2194 330 2214 ¹
381 2194 441 2228 De
459 2193 519 2228 his
544 2192 697 2238 egimus
716 2191 755 2238 in
779 2191 998 2237 PoLANCO,
1023 2195 1051 2226 t.
1071 2198 1112 2234 v,
1131 2201 1225 2236 pag.
1258 2189 1341 2236 276,
1367 2202 1411 2226 n.
1439 2190 1526 2235 761.
1557 2189 1658 2226 Vide
1685 2191 1813 2226 locum
1840 2196 1893 2226 et·

249 2252 446 2299 subjectas
464 2251 749 2287 annotationes.

316 2316 330 2334 ²
381 2311 560 2347 Piissima
577 2312 673 2346 haec
690 2310 816 2355 virgo,
831 2309 945 2355 plena
963 2308 1074 2344 annis
1093 2313 1132 2344 et
1150 2308 1313 2352 meritis,
1329 2310 1544 2355 appellatur
1557 2320 1647 2344 cum
1664 2308 1792 2356 aliqua
1809 2309 1891 2345 du„

245 2371 435 2407 bitatione
452 2382 474 2406 a
491 2372 847 2408 BRAUNSBERGER,
867 2368 951 2403 Bti.
975 2367 1133 2403 canisii
1159 2368 1369 2415 Epistulae
1394 2371 1430 2403 et
1448 2371 1553 2412 acta,
1581 2373 1609 2403 t.
1628 2377 1656 2414 1,
1675 2380 1763 2415 pag.
1790 2368 1875 2415 761,

242 2430 430 2466 Theresia
450 2441 525 2465 van
538 2429 615 2464 den
634 2429 753 2474 Berg.
774 2428 809 2462 A
825 2427 1020 2471 Kesselio,
1040 2427 1107 2474 qui
1121 2427 1224 2462 illius
1242 2439 1384 2462 nomen
1402 2432 1521 2472 tacet,
1535 2427 1677 2462 dieitur
1695 2427 1875 2472 «virgo...

244 2489 535 2535 sexagenaria»,
556 2488 652 2523 Litt.
675 2487 851 2532 Quadr„
872 2491 901 2521 t.
921 2495 977 2533 111,
996 2497 1087 2533 pag.
1123 2486 1189 2532 189
1214 2491 1254 2521 et
1276 2487 1471 2530 251.—De
1496 2485 1737 2522 Theoderico
1761 2486 1885 2522 Cani--

245 2548 318 2595 sio,
336 2549 402 2596 qui
420 2548 496 2583 Bti.
518 2546 624 2582 Petri
638 2545 757 2581 frater
774 2557 823 2580 ex
842 2550 951 2592 patre
970 2550 1066 2589 erat,
1086 2557 1200 2592 supra
1217 2545 1400 2581 diximus.

316 2610 330 2629 3
381 2608 539 2642 «Altera
557 2606 621 2641 die
639 2607 688 2641 ab
707 2605 782 2640 alio
800 2604 1002 2650 canonico,
1021 2605 1074 2639 M.
1093 2605 1242 2640 Thoma
1260 2604 1383 2648 Buiis,
1403 2615 1535 2650 vocor,
1559 2604 1626 2651 qui
1644 2616 1692 2639 ex
1716 2604 1878 2640 seniori-

245 2669 317 2703 bus
345 2672 420 2714 est,
445 2673 484 2702 et
507 2667 651 2713 probae
676 2664 882 2700 admodum
908 2665 1027 2709 vitae,
1054 2665 1094 2700 in
1118 2665 1229 2700 cuius
1253 2664 1415 2700 aedibus
1447 2665 1589 2700 multos
1619 2670 1889 2710 congregatos-

244 2726 391 2770 inueni,
410 2725 476 2773 qui
495 2737 557 2760 me
575 2735 726 2760 summa
740 2724 981 2759 humanitate
1000 2729 1270 2770 receperunt».
1291 2724 1430 2759 Kessel
1450 2723 1618 2769 Ignatio,
1645 2722 1807 2759 Colonia
1831 2722 1882 2759 30

245 2786 480 2821 Novembris
502 2792 605 2829 1554.
630 2783 726 2819 Litt.
754 2783 937 2828 Quadr„
958 2788 988 2819 t.
1007 2793 1064 2829 111,
1083 2794 1172 2830 pag.
1192 2782 1271 2827 189.

313 2847 327 2866 ⁴
379 2845 541 2880 Scabini
555 2843 786 2878 dicebantur
796 2841 970 2888 judicum
986 2853 1205 2878 assessores
1220 2842 1282 2876 vel
1298 2841 1450 2887 judices
1466 2840 1616 2876 urbani.
1637 2841 1681 2876 In
1699 2846 1879 2877 veterum

238 2904 380 2939 litteris
398 2902 593 2939 interdum
611 2913 699 2937 curn
709 2900 867 2947 juratis
885 2901 1189 2946 confunduntur,
1209 2900 1404 2936 interdum
1422 2901 1472 2936 ab
1496 2900 1549 2935 iis
1567 2899 1883 2946 distinguuntur„

241 2963 307 2999 DU
326 2963 488 3008 CANGE,
512 2961 781 2996 Glossarium.

310 3023 324 3044 ⁵
376 3021 657 3056 Wichmannus
676 3030 751 3054 van
765 3019 841 3054 den
860 3020 976 3065 Berg.
995 3018 1095 3054 Vide
1115 3017 1168 3054 sis
1188 3018 1404 3065 POLANCO,
1423 3023 1456 3054 t.
1475 3026 1518 3065 v,
1536 3028 1625 3065 pag.
1648 3016 1730 3062 278,
1746 3029 1784 3054 n.
1800 3016 1877 3063 763
