2060 3450
251 224 321 262 550
739 214 978 249 EPISTOLAE
1010 210 1297 257 Murra—935

205 332 255 363 se
286 318 414 374 potra
445 314 638 360 chiarire
669 316 728 360 V.
764 315 816 358 P.
853 314 889 356 11
920 312 1007 356 sito
1038 312 1084 355 di
1120 312 1247 357 detto
1281 313 1420 370 luogo
1448 314 1474 357 ὁ
1501 320 1571 357 tra
1595 314 1639 357 13
1666 312 1847 358 01113513,

206 394 465 439 cathedrale
491 400 538 438 et
568 392 600 436 il
629 391 901 443 vescouado,
935 391 979 433 13
1006 389 1080 433 cui
1110 389 1300 433 facciata
1326 389 1549 436 anteriore
1576 392 1678 435 sara
1701 404 1847 446 sopra-

205 486 295 515 vna
322 470 477 528 piazza
504 469 653 513 inanzi
681 484 707 512 a
736 469 861 512 detta
888 465 1074 521 chiesia,
1102 465 1150 509 in
1171 467 1311 523 luogo
1337 466 1456 511 assai
1481 467 1671 512 comodo
1690 482 1771 525 per
1791 467 1836 511 13

206 549 332 601 citta,
356 547 396 591 si
415 546 626 599 scholari,
652 548 689 589 si
712 545 846 590 etiam
869 544 942 601 pel
962 543 1132 600 populo
1153 557 1233 601 per
1253 543 1410 589 uenire
1432 544 1518 588 alla
1537 543 1720 589 chiesia.
1748 545 1850 588 Per‘

206 625 368 670 adesso
390 623 591 681 potransi
613 631 733 667 stare
754 628 871 666 sette
892 635 919 664 o
940 627 1038 664 otto
1058 634 1267 677 persone,
1292 621 1485 666 essendo
1506 620 1553 665 ui
1575 627 1731 666 stanze
1750 622 1838 667 che

207 716 295 746 con
317 715 433 758 poca
450 715 581 757 spesa
597 707 643 744 et
661 706 812 755 tempo
828 713 878 743 se
893 711 1094 754 possono
1116 696 1290 742 ridurre
1305 697 1353 741 in
1375 704 1500 742 tante
1514 698 1643 751 celle,
1663 704 1853 743 mentre-2

209 781 294 823 che
316 793 365 823 se
388 779 575 823 faranno
598 777 711 820 altre
734 782 858 819 tante
878 775 990 820 celle
1017 774 1097 831 pisi
1116 774 1321 828 comode,
1352 774 1475 831 quali
1503 774 1667 819 dicono
1690 774 1838 831 questi

208 855 415 901 huomini
443 854 646 911 deputati
675 853 795 897 dalla
822 851 1054 896 comunita
1082 852 1208 897 uoler
1236 853 1304 895 far
1332 852 1426 896 fare
1453 866 1480 895 a
1507 859 1667 908 questo
1694 851 1840 908 primo

208 933 384 990 Aprile.
404 933 455 975 In
471 932 597 974 detto
614 932 756 987 luogo
779 929 868 973 uie
885 943 977 973 una
997 929 1169 986 capella
1188 943 1358 982 nuoua,
1378 935 1472 973 atta
1487 944 1567 986 per
1587 928 1673 972 dir'
1691 942 1843 974 messe

210 1017 256 1055 et
280 1008 449 1055 sentire
470 1006 764 1060 confessioni,
787 1008 832 1050 la
852 1007 986 1063 quale
1006 1020 1057 1050 se
1077 1005 1207 1050 finira
1228 1013 1381 1064 presto
1402 1013 1448 1050 et
1469 1009 1571 1051 sara
1595 1005 1643 1050 in
1664 1005 1837 1051 ordine.

211 1075 250 1131 E
271 1087 411 1143 luogo
441 1084 559 1129 assai
580 1098 749 1141 capace
776 1098 856 1141 per
876 1082 1103 1127 edificarci
1123 1083 1195 1127 col
1217 1089 1367 1140 tempo
1388 1098 1451 1127 vn
1475 1084 1600 1127 buon
1627 1083 1849 1140 collegio:

211 1164 277 1207 fin
298 1164 459 1207 adesso
481 1163 507 1206 e
528 1168 647 1205 stato
668 1162 887 1218 deputato
908 1174 989 1217 per
1006 1161 1131 1204 scole
1151 1160 1270 1205 della
1290 1159 1536 1204 comunita.

302 1240 337 1282 11
353 1238 510 1296 signor
527 1237 695 1283 vicario
715 1239 726 1259 ¹
746 1237 867 1281 tiene
884 1251 963 1294 per
978 1244 1104 1282 certo
1121 1238 1206 1281 che
1221 1251 1308 1281 con
1325 1237 1475 1294 quello
1491 1236 1668 1281 sallario
1684 1238 1769 1280 che
1784 1236 1857 1280 dac

211 1318 256 1361 13
275 1315 507 1360 comunita
528 1322 574 1359 et
596 1314 697 1359 altri
719 1313 840 1358 modi
862 1316 948 1359 che
971 1313 1063 1371 egli
1084 1313 1185 1359 dice
1212 1315 1246 1367 ²,
1271 1328 1406 1358 saran
1431 1315 1490 1358 da
1516 1321 1650 1358 cento
1686 1303 1776 1361 Vdi
1796 1312 1843 1357 di

215 1395 372 1439 fermo.
406 1394 471 1437 Le
499 1391 714 1436 massarie
735 1406 816 1448 per
843 1391 874 1434 il
902 1391 1097 1448 bisogno
1124 1392 1198 1437 del
1227 1391 1421 1449 collegio
1448 1390 1612 1435 dicono
1637 1406 1770 1435 satan
1796 1390 1841 1434 in

214 1470 371 1514 ordine
399 1476 570 1526 quanto
590 1468 734 1526 prima
755 1469 794 1512 si
816 1470 964 1512 uorra.
990 1469 1056 1513 La
1077 1468 1186 1512 citta
1207 1468 1423 1513 dimostra
1444 1469 1592 1526 grand
1613 1468 1856 1513 affettione-

216 1550 302 1592 che
321 1554 475 1605 presto
497 1561 649 1603 uenga
670 1554 827 1603 gente,
846 1546 878 1589 il
899 1548 983 1590 che
998 1548 1088 1591 han
1109 1546 1373 1590 dimostrato
1394 1545 1668 1590 licentiando
1682 1545 1721 1592 lil
1746 1559 1844 1590 ma-

217 1632 311 1668 stro
332 1624 450 1669 della
471 1623 662 1668 schuola
682 1623 794 1676 loro,
818 1623 1017 1676 dandoli,
1041 1623 1168 1667 accio
1189 1637 1239 1668 se
1260 1629 1564 1676 contentasse,
1590 1635 1647 1667 20
1676 1622 1782 1676 Vdi,
1807 1625 1846 1666 si

218 1703 304 1746 che
331 1715 423 1744 non
451 1701 503 1744 ce
525 1700 684 1743 adesso
705 1699 778 1742 chi
801 1698 1015 1756 [i]nsegni
1043 1700 1086 1743 la
1112 1699 1352 1756 giouenti'l,
1376 1705 1423 1743 et
1449 1699 1590 1743 stansi
1611 1699 1643 1742 li
1670 1699 1851 1756 parenti

219 1791 306 1821 con
327 1778 371 1821 la
391 1790 608 1833 speranza
628 1776 672 1819 d’
696 1777 840 1819 hauer
860 1783 1013 1832 presto
1033 1776 1064 1818 l’
1088 1775 1296 1833 collegio,
1324 1776 1473 1820 Credo
1494 1776 1693 1821 scriuera
1714 1790 1845 1818 mon-

219 1854 377 1912 signor
397 1853 565 1897 vicario
587 1855 602 1875 ³
627 1868 653 1897 a
674 1854 732 1897 V.
759 1854 813 1896 P.
838 1853 912 1896 del
932 1867 1017 1897 suo
1037 1852 1231 1910 bisogno
1252 1853 1327 1896 ch'
1358 1854 1418 1896 ha
1444 1852 1492 1896 in
1518 1852 1855 1910 spiritualibus,¹⁴

219 1931 432 1975 hauendo
453 1944 604 1973 mosso
625 1941 741 1986 gran
761 1929 1049 1975 moltitudine
1070 1930 1128 1974 de
1149 1936 1288 1987 gente
1310 1935 1355 1975 et
1377 1929 1454 1986 gia
1473 1929 1627 1973 auiato
1647 1930 1734 1974 alla
1755 1930 1847 1975 fre-

221 2014 391 2065 quente
412 2006 697 2051 confessione
714 2013 759 2049 et
781 2005 1068 2059 comunione,
1088 2006 1121 2050 il
1136 2008 1221 2050 che
1238 2006 1478 2051 uedemmo
1494 2006 1607 2050 hieri
1622 2007 1698 2052 nel
1713 2007 1858 2050 domo-

221 2099 308 2129 con
329 2090 482 2128 nostra
512 2084 672 2140 grand’
703 2082 1004 2137 edificatione,
1027 2084 1150 2127 doue
1171 2098 1279 2128 eran
1308 2083 1426 2128 forse
1447 2084 1505 2127 da
1527 2084 1724 2127 ducento
1745 2097 1847 2140 per-

223 2176 334 2206 sone
354 2160 676 2214 comunicanti3
710 2167 757 2203 et
778 2175 879 2205 esso
901 2160 1058 2217 signor
1078 2160 1248 2204 vicario
1268 2175 1363 2204 non
1383 2162 1443 2204 ha
1463 2160 1537 2204 chi
1558 2175 1694 2217 possa
1714 2160 1858 2204 culti-—

223 2252 333 2281 uare
369 2244 530 2293 questa
557 2251 669 2282 suoa
697 2236 849 2294 vigna.
893 2239 1125 2282 Promette
1161 2238 1300 2282 molte
1336 2238 1489 2282 buone
1515 2237 1630 2294 parti
1658 2252 1739 2294 per
1765 2238 1847 2281 far'

225 2316 367 2358 frutto
394 2314 442 2369 in
469 2320 631 2370 questa
655 2320 809 2371 gente.
840 2315 994 2358 Daran
1016 2316 1160 2358 anche
1188 2328 1251 2357 un
1271 2313 1411 2371 luogo
1431 2315 1570 2358 molto
1591 2321 1687 2358 atto
1708 2329 1736 2357 a
1758 2314 1860 2358 fare

226 2392 258 2435 li
280 2390 513 2435 essercitii.
533 2390 592 2435 Di
615 2397 733 2434 tutto
750 2397 911 2447 questo
939 2405 965 2434 a
991 2391 1136 2435 bocca
1156 2390 1325 2435 sentira
1351 2392 1409 2435 V.
1443 2393 1497 2435 P.
1528 2391 1603 2434 dal
1630 2391 1768 2434 molto
1793 2390 1859 2434 da*

225 2470 342 2513 bene
373 2471 435 2513 M.
469 2468 746 2512 Alessandro
776 2468 809 2520 ⁴,
838 2467 869 2510 il
892 2469 997 2523 qual
1018 2469 1044 2512 ὲ
1065 2474 1184 2512 stato
1205 2474 1430 2525 presente,
1455 2474 1501 2511 et
1522 2465 1577 2527 [e]
1601 2468 1726 2511 buon
1747 2482 1852 2524 pro-—

228 2553 402 2589 motore
423 2544 469 2588 di
491 2552 652 2602 questo
672 2543 873 2601 negotio.

303 2665 313 2685 ¹
365 2663 561 2709 «Joannes
579 2662 709 2709 Oliva,
728 2662 794 2710 qui
811 2662 878 2698 diu
896 2663 1047 2699 Perusii
1065 2663 1243 2699 Vicarius
1261 2662 1403 2710 fuerat,
1417 2662 1622 2699 cumidem
1636 2662 1858 2700 Cardinalis·

229 2722 506 2769 Episcopatum
524 2722 633 2758 illum
650 2726 843 2758 teneret.»
861 2722 1079 2765 POLANCO,
1098 2722 1306 2758 ibid.—-De
1329 2723 1403 2758 hoc
1426 2721 1511 2758 viro
1534 2721 1625 2758 vide
1641 2733 1741 2770 quae
1757 2721 1861 2758 dixi-

230 2792 317 2816 mus
335 2780 375 2816 in
393 2781 610 2829 POLANco,
630 2782 657 2817 l.
676 2793 725 2824 c.,
744 2792 833 2828 pag.
851 2782 913 2828 66,
927 2794 966 2817 n.
989 2790 1070 2828 147,
1092 2782 1172 2827 148,
1197 2786 1330 2818 annot.
1349 2790 1384 2817 2.

300 2842 314 2861 ²
365 2840 411 2875 In
428 2851 499 2875 ms.
520 2839 569 2875 ad
587 2851 693 2876 oram
709 2840 880 2885 chartae,
897 2852 1013 2877 manu
1028 2840 1148 2888 ipsius
1163 2840 1394 2877 Mercuriani
1408 2840 1594 2888 scriptum
1609 2841 1764 2887 legitur:
1779 2841 1857 2889 gia

229 2899 249 2933 ἐ
267 2899 494 2946 assignato.

302 2959 318 2979 ³
367 2958 540 3005 Epistola
557 2963 633 3003 est,
649 2969 749 3006 quae
767 2958 898 2994 statim
916 2959 1109 3006 sequitur.

303 3019 318 3039 ⁴
368 3018 591 3054 Alexander
609 3017 768 3054 Cei-vini
786 3016 831 3063 (Ρ)
