2060 3432
396 285 466 332 736
876 287 1113 322 EP1sToLAE
1145 286 1454 327 M1xTAE—1ooo

1082 521 1242 562 loo«)

831 605 1232 644 HIERONYMUS
1271 606 1497 643 VIGNES

723 690 908 733 PATRI
939 690 1202 734 IGNATIO
1233 691 1317 733 DE
1348 691 1607 735 LOYOLA

900 786 1082 814 NEAPom
1100 777 1147 813 30
1164 787 1264 821 JULu
1285 786 1374 824 1555
1394 778 1421 815 ¹.

392 864 548 899 Patrem
566 861 711 898 Lainez
728 861 933 908 Neapolim
947 861 1049 897 mitti
1062 866 1189 907 rogat,
1206 861 1273 909 qui
1291 861 1339 897 ad
1356 863 1497 897 bonam
1514 861 1666 908 frugem
1682 874 1702 897 e
1716 864 1929 901 lutheranis

617 920 756 957 castris
774 920 995 957 Galeatium
1014 921 1280 958 Caracciolum
1294 921 1555 957 revocandum
1572 927 1699 958 curet.

434 1007 576 1051 Molto
597 1006 711 1050 Rdo.
738 1011 784 1049 et
804 1004 851 1048 in
878 1005 964 1048 X.0
988 1006 1134 1049 Padre
1162 1005 1583 1050 osseruandissimo.
1616 1007 1798 1050 L’amor
1818 1014 1978 1053 eterno

344 1092 389 1129 et
411 1098 589 1128 summa
610 1082 757 1140 gratia
778 1083 836 1127 de
858 1081 1041 1126 Christo
1062 1090 1219 1126 nostro
1247 1082 1405 1140 signor
1431 1083 1565 1128 visite
1591 1085 1648 1128 V.
1677 1085 1729 1127 P.
1761 1099 1847 1127 con
1874 1085 1974 1129 suoi

343 1160 588 1204 santissimi
619 1159 773 1203 duoni.
812 1159 1099 1204 Offerendosi
1137 1173 1200 1202 un
1233 1159 1418 1216 negotio
1449 1160 1506 1205 de
1538 1160 1837 1217 grandissimo
1874 1177 1974 1205 mo-

347 1245 518 1291 mento,
543 1237 575 1280 il
597 1238 729 1294 quale
751 1252 800 1280 se
823 1243 959 1280 tratta
980 1251 1220 1293 accaparse
1242 1252 1321 1293 per
1342 1252 1471 1281 mezo
1491 1238 1550 1282 de
1570 1251 1652 1281 sua
1669 1237 1777 1292 S.t‹‘31,
1802 1253 1891 1282 non
1913 1240 1984 1286 110,

345 1316 505 1359 uoluto
526 1314 687 1358 lasciar
716 1315 773 1357 de
802 1314 928 1358 farne
955 1312 1130 1358 auisato
1158 1315 1216 1358 V.
1247 1316 1321 1367 Ρ.,
1345 1314 1555 1359 massime
1582 1315 1781 1371 sapendo
1803 1323 1976 1371 quanto

344 1392 452 1436 tutti
473 1391 601 1436 siano
622 1391 869 1436 desiderosi
892 1406 918 1435 e
939 1390 1067 1434 diditi
1089 1391 1146 1434 ad
1172 1390 1382 1448 imprese,
1407 1392 1508 1436 dele
1529 1392 1662 1448 quale
1682 1406 1741 1435 ne
1762 1392 1919 1437 resulti
1940 1395 1973 1436 l'

343 1471 488 1512 honor
508 1469 567 1514 de
586 1469 630 1512 la
651 1468 806 1512 diuina
827 1470 999 1512 maesta
1019 1475 1064 1512 et
1086 1468 1231 1512 salute
1253 1469 1340 1513 del’
1364 1468 1527 1513 anime.
1548 1470 1606 1512 Et
1627 1470 1652 1512 e
1674 1471 1758 1513 che
1778 1469 1822 1512 la
1841 1484 1972 1526 pros·

340 1546 454 1590 sima
477 1545 731 1602 quaresima
753 1551 934 1602 passata
954 1545 984 1587 l’
1009 1545 1150 1589 Illmo.
1182 1545 1338 1602 signor
1358 1547 1593 1590 marchese
1619 1546 1677 1590 de
1698 1546 1828 1599 Vico,
1852 1547 1974 1604 dopo

339 1624 478 1666 molta
506 1622 737 1675 instantia,
767 1623 917 1667 hebbe
943 1637 1174 1679 promessa
1201 1622 1244 1666 al
1273 1623 1364 1667 fine
1390 1622 1463 1666 dal
1488 1624 1540 1666 P.
1567 1625 1680 1666 Mro.
1708 1624 1972 1668 Salmerone

337 1701 380 1751 d'
412 1701 582 1744 andare
612 1714 699 1743 con
727 1714 810 1742 sua
837 1699 1053 1756 signoria,
1085 1705 1235 1744 atesso
1261 1698 1293 1742 11
1319 1699 1476 1755 signor
1497 1700 1697 1744 Galeazo
1727 1700 1967 1745 Caraccio-

335 1778 396 1830 lo,
421 1792 504 1821 suo
526 1776 668 1834 figlio,
695 1776 861 1821 ueniua
882 1791 908 1819 3
930 1775 1060 1830 Vico,
1089 1782 1208 1819 terra
1228 1777 1286 1819 da
1308 1790 1396 1832 qua
1418 1775 1616 1820 distante
1637 1776 1756 1820 circa
1783 1784 1967 1832 quattro

336 1854 561 1911 giornate,
587 1860 633 1897 et
652 1853 716 1897 lui
738 1853 948 1898 scriueua
969 1852 1015 1896 di
1037 1853 1163 1897 uoler
1184 1852 1372 1897 lasciare
1394 1852 1500 1896 tutti
1515 1853 1546 1896 li
1563 1853 1718 1907 errori,
1738 1853 1828 1897 neli
1845 1854 1967 1910 quali

335 1946 386 1976 se
409 1938 614 1974 trouasse
636 1930 863 1983 immerso,
889 1931 1070 1986 quando
1098 1929 1140 1974 ci
1170 1931 1293 1975 fusse
1314 1936 1431 1974 stata
1462 1944 1654 1986 persona
1681 1931 1785 1984 tale,
1817 1933 1902 1976 che
1922 1931 1965 1975 61

336 2009 566 2053 l’hauesse
587 2009 700 2051 fatto
721 2022 953 2052 conoscer.
981 2008 1116 2052 Onde
1132 2007 1162 2050 il
1179 2007 1361 2052 sudetto
1379 2009 1432 2051 P.
1454 2008 1718 2052 Salmerone
1737 2007 1965 2052 ritrouan-

335 2085 433 2130 dosi
455 2086 644 2130 absente
665 2099 741 2141 per
765 2084 1004 2129 occasione
1026 2085 1084 2129 de
1104 2085 1147 2128 13
1167 2084 1289 2129 dieta
1305 2084 1351 2127 di
1372 2083 1618 2128 Germania
1635 2085 1723 2142 (del
1739 2086 1823 2128 che
1845 2092 1963 2130 tutta

334 2169 495 2219 questa
524 2169 643 2206 terra
672 2176 722 2206 se
748 2163 825 2205 n'e
853 2162 976 2206 dolta
1003 2176 1083 2218 per
1109 2162 1153 2205 13
1174 2176 1289 2218 gran
1316 2160 1626 2206 consolatione
1653 2163 1737 2205 che
1758 2162 1860 2207 dele
1881 2177 1964 2212 sue

332 2254 432 2284 rare
461 2238 577 2296 parti
600 2245 645 2283 et
667 2237 887 2295 singulari
910 2237 1050 2281 duoni
1079 2253 1128 2281 se
1156 2238 1411 2294 receueua),
1436 2252 1528 2281 non
1551 2237 1702 2294 percio
1729 2238 1877 2294 questi
1899 2238 1961 2282 si—

333 2316 466 2374 gnori
488 2315 662 2372 parenti
683 2317 774 2359 han
795 2315 980 2359 13561310
1003 2316 1194 2359 d'hauer
1216 2315 1344 2358 firma
1367 2328 1599 2371 speranza,
1624 2317 1709 2359 che
1730 2329 1810 2372 per
1831 2330 1961 2360 mezo

331 2394 433 2439 dela
464 2392 749 2450 Compagnia
780 2392 980 2436 habbino
1011 2393 1068 2435 da
1100 2386 1313 2436 receuere
1343 2392 1386 2435 la
1418 2391 1671 2436 desiderata
1693 2391 1838 2449 gratia
1859 2393 1960 2436 dela

331 2470 629 2515 conuersione
645 2470 718 2513 del
739 2469 923 2512 sudetto
941 2468 1182 2521 caualiero,
1204 2470 1318 2514 oltre
1334 2484 1414 2525 per
1430 2469 1592 2512 alcune
1608 2484 1692 2514 sue
1707 2484 1807 2514 rare
1823 2469 1961 2526 parti,

330 2549 529 2591 anchora
549 2561 630 2603 per
650 2546 692 2589 la
714 2545 1023 2590 consolatione
1051 2545 1293 2602 particular
1319 2546 1394 2590 del
1420 2545 1578 2602 signor
1603 2560 1687 2589 suo
1715 2552 1856 2602 patre,
1881 2546 1960 2603 gia

331 2624 377 2667 in
400 2625 472 2668 eta
494 2622 739 2679 decrepita,
765 2629 810 2667 et
839 2622 1022 2679 signora
1050 2637 1132 2665 sua
1160 2629 1385 2675 consorte,
1411 2629 1458 2667 et
1479 2629 1596 2667 sette
1624 2622 1738 2679 figli‚
1761 2629 1807 2666 et
1829 2623 1959 2679 peril

330 2715 414 2744 suo
436 2707 554 2744 stato
571 2700 616 2743 di
636 2700 809 2757 grande
830 2699 1126 2756 importanza,
1147 2700 1220 2742 dal
1242 2701 1327 2743 che
1343 2714 1392 2744 se
1407 2702 1453 2744 n’
1472 2701 1532 2743 ha
1547 2700 1604 2743 da
1621 2714 1802 2756 sperare
1819 2714 1958 2756 gran-

329 2777 514 2821 dissimo
536 2776 767 2829 benefitio,
792 2776 1002 2821 massime
1023 2792 1103 2833 per
1124 2791 1248 2821 esser
1269 2776 1300 2819 il
1321 2777 1527 2833 predetto
1549 2776 1704 2833 signor
1725 2778 1958 2821 marchese

328 2855 386 2899 de
407 2854 484 2910 piu
505 2853 739 2910 principali
761 2854 835 2896 del
857 2867 1016 2910 regno,
1040 2860 1086 2896 et
1107 2867 1189 2896 son
1211 2852 1317 2896 stati
1339 2869 1365 2898 e
1387 2867 1498 2897 sono
1514 2852 1546 2896 11
1567 2852 1738 2910 signori
1754 2852 1853 2896 suoi
1875 2867 1956 2909 pa—

328 2931 445 2976 renti
474 2929 668 2987 predetti
695 2930 834 2973 molto
862 2929 1131 2974 benefattori
1160 2930 1233 2975 del
1260 2929 1470 2987 collegio,
1496 2936 1542 2975 et
1570 2944 1731 2973 amano
1759 2930 1899 2973 molto
1921 2929 1955 2972 l'

403 3097 411 3118 ¹
464 3096 522 3131 Ex
540 3095 778 3142 autographo
797 3094 836 3130 in
854 3095 932 3131 vol.
951 3094 997 3141 F,
1015 3094 1160 3142 duplici
1178 3093 1286 3141 folio,
1304 3106 1343 3130 n.
1363 3093 1423 3142 39,
1441 3094 1546 3142 prius
1565 3102 1646 3130 212.
