2060 3432
333 239 405 286 796
816 241 970 276 Epls'ro
976 247 1055 275 [ΑΕ
1087 239 1255 276 ΜιΧτΑΕ
1264 262 1301 268 -—
1308 249 1397 286 1015

1039 496 1114 536 Ιθ
1122 496 1189 536 15

771 596 1081 633 GANDIENSE
1117 593 1441 636 MUNICIPIUM

659 682 844 724 PATRI
876 681 1139 725 IGNATIO
1172 682 1255 725 DE
1287 682 1547 726 LOYOLA

799 783 960 810 GANmA
990 783 1033 810 12
1059 783 1244 812 AUGUSTI
1272 783 1362 821 1555
1392 778 1418 813 ¹.

284 859 539 907 Amplissima
557 859 605 894 de
623 858 846 895 hominibus
865 858 1073 895 societatis
1092 860 1204 907 Jesu,
1219 860 1396 896 Gandiae
1413 860 1665 907 degentibus,
1680 860 1924 898 testificatio.

1095 943 1126 1002 †

376 1039 491 1082 Rdo.
519 1039 761 1082 admodum
786 1037 910 1082 Patri
938 1038 1158 1095 magistro
1186 1039 1367 1096 Ignasio
1395 1040 1451 1083 de
1479 1040 1667 1096 Loyola,
1692 1039 1925 1096 preposito

285 1115 489 1172 generali
512 1115 751 1160 Societatis
774 1118 901 1174 JeSU,
929 1115 1149 1160 Onofrius
1177 1119 1285 1171 Ros,
1305 1117 1504 1173 justicia,
1531 1116 1808 1161 Vincencius
1832 1118 1923 1161 Pe-

285 1192 454 1245 resius,
490 1193 690 1251 Jacobus
727 1194 763 1236 F
767 1192 986 1246 usterius,
1027 1199 1072 1236 et
1108 1193 1379 1237 Franciscus
1417 1193 1630 1247 Saucius,
1677 1193 1924 1251 reipublice

288 1269 550 1326 gandiensis
577 1277 726 1326 patres
756 1269 1021 1326 conscripti,
1051 1270 1244 1314 salutem
1278 1270 1324 1313 in
1353 1271 1550 1315 Domino
1584 1270 1919 1328 sempiternam.

284 1345 363 1390 Nil
394 1346 540 1403 magis
573 1346 733 1390 rationi
768 1361 1043 1401 consonum,
1084 1346 1148 1390 nil
1178 1349 1278 1391 Deo
1310 1348 1486 1405 gratius
1517 1348 1820 1404 omnibusque
1849 1347 1925 1403 jo-

285 1423 497 1478 cundius,
530 1438 664 1480 quam
703 1423 781 1480 qui
819 1439 844 1468 a
881 1439 1108 1480 quoquam
1141 1424 1296 1469 multis
1332 1426 1527 1469 donatus
1564 1431 1633 1470 est
1669 1424 1918 1478 beneficiis,

286 1501 445 1545 eadem
467 1500 530 1544 illi
553 1508 684 1558 grato
706 1502 855 1545 animo
883 1509 1220 1556 commemoret,
1247 1502 1399 1559 sepius
1428 1503 1610 1555 referat,
1636 1501 1922 1559 gratiamque

285 1578 453 1621 habeat
474 1593 564 1622 non
588 1578 826 1631 modicam,
852 1578 890 1621 si
911 1580 1080 1623 referre
1102 1594 1192 1622 non
1215 1579 1336 1632 licet,
1359 1586 1406 1622 vt
1428 1579 1505 1635 qui
1522 1594 1575 1623 ea
1591 1578 1801 1632 contulit,
1822 1578 1921 1621 ani-

284 1669 412 1697 mum
451 1662 632 1711 gratum
670 1655 717 1698 in
754 1655 1004 1712 accipiente
1036 1664 1301 1713 cognoscat,
1337 1664 1383 1700 et
1414 1656 1477 1700 ita
1507 1656 1750 1714 elargitum
1782 1656 1921 1700 fuisse

287 1732 503 1788 gaudeat,
529 1739 575 1775 et
597 1733 653 1775 ad
676 1733 805 1788 plura
828 1732 1090 1789 elargienda
1111 1719 1349 1777 eicitetur.
1376 1735 1497 1778 Sane
1513 1734 1559 1776 in
1575 1735 1661 1776 hac
1678 1739 1833 1777 nostra
1848 1748 1921 1777 re—

284 1808 468 1865 publica
485 1815 590 1853 tuae
613 1811 667 1853 R.
696 1812 748 1852 P.
774 1809 996 1853 beneficio
1018 1816 1064 1853 et
1087 1810 1246 1853 fauore
1274 1810 1520 1867 collegium
1549 1812 1738 1854 fratrum
1761 1809 1827 1853 tui
1849 1809 1911 1853 in—

285 1885 433 1930 stituti
468 1894 514 1930 et
542 1886 712 1930 ordinis
739 1902 766 1930 a
793 1893 948 1930 nostro
975 1887 1116 1931 Illmo.
1148 1888 1265 1931 duce
1292 1889 1328 1931 F
1333 1887 1554 1932 francisco
1586 1903 1612 1931 a
1640 1887 1809 1944 Borgia
1835 1888 1922 1930 sub

285 1964 511 2007 vocabulo
546 1963 641 2006 diui
671 1963 927 2008 Sebastiani
955 1971 1157 2009 erectum
1186 1971 1277 2018 est,
1308 1964 1384 2007 vbi
1420 1965 1582 2008 fratres
1610 1966 1695 2008 sub
1724 1965 1922 2007 claustro

286 2040 595 2096 prepositique
619 2040 885 2085 obediencia
901 2040 963 2084 ita
985 2048 1157 2094 sancte,
1178 2041 1343 2095 sobrie,
1364 2048 1503 2096 caste,
1523 2041 1596 2098 pie
1618 2040 1921 2098 religioseque

284 2116 464 2170 viuunt,
485 2118 661 2175 jugiter
682 2119 755 2161 vel
777 2118 985 2172 orationi,
1005 2119 1080 2163 vel
1101 2119 1400 2163 celebracioni
1422 2119 1660 2164 missarum
1681 2119 1755 2162 vel
1771 2118 1921 2163 studio

285 2193 534 2248 literarum,
560 2195 632 2239 vel
655 2195 753 2238 aliis
775 2195 1084 2251 spiritualibus
1106 2195 1528 2249 exercitacionibus,
1553 2210 1666 2252 quas
1687 2210 1794 2240 vere
1814 2195 1920 2239 reli-

284 2270 439 2327 giosos
468 2272 616 2326 decet,
641 2278 899 2324 vaccantes,
925 2279 974 2314 vt
1002 2272 1212 2315 omnibus
1241 2272 1332 2316 sint
1358 2274 1581 2329 exemplo,
1612 2272 1921 2329 plurimosque

283 2346 331 2390 in
355 2348 696 2393 admirationem
719 2350 915 2392 trahant.
942 2350 1063 2393 Inter
1085 2363 1163 2393 eos
1185 2364 1277 2407 non
1307 2349 1562 2403 facinorosi,
1588 2364 1680 2393 non
1707 2349 1923 2406 vulgares

244 2447 252 2457 =
282 2424 469 2481 quique,
494 2426 574 2470 sed
591 2425 720 2482 probi
743 2426 953 2482 boneque
982 2426 1317 2483 expectacionis
1348 2434 1521 2470 tanturn
1545 2426 1628 2469 viri
1650 2426 1795 2469 multo
1817 2439 1922 2469 cum

283 2501 465 2545 delectu
495 2502 777 2546 admituntur
806 2510 851 2547 et
879 2503 1175 2560 recipiuntur.
1207 2503 1566 2559 Incredibileque
1598 2510 1667 2548 est
1701 2509 1921 2558 quantum

285 2578 420 2622 saluti
441 2579 692 2623 animarum
715 2579 905 2633 inhient,
932 2595 1158 2637 quamque
1180 2580 1361 2625 assidue
1382 2588 1572 2625 vaccent
1589 2594 1754 2636 pueros
1775 2586 1821 2623 et
1842 2594 1920 2622 ru-

280 2654 364 2698 des
387 2656 657 2715 quosque-in
679 2656 773 2699 vita
794 2663 840 2700 et
861 2657 1067 2701 doctrina
1089 2657 1348 2710 christiana,
1374 2658 1530 2700 decem
1553 2656 1776 2713 preceptis
1798 2655 1922 2699 aliis-

281 2745 374 2786 que
391 2731 610 2776 similibus
627 2733 894 2777 rudimentis
910 2734 1170 2796 instituunt‚
1184 2741 1447 2790 pecatorum
1462 2733 1770 2777 confessiones
1787 2731 1921 2777 Chri—

284 2807 344 2851 sti
371 2808 587 2862 fidelium,
614 2810 670 2853 ad
701 2809 825 2866 ipsos
862 2810 1206 2864 confluentium,
1237 2811 1431 2855 libenter
1462 2810 1669 2862 audiunt,
1700 2809 1921 2853 confessis

283 2892 459 2928 sacram
489 2886 694 2942 synaxim
724 2887 1030 2944 elargiuntur,
1061 2887 1292 2931 discordes
1321 2888 1377 2931 ad
1404 2902 1561 2944 pacem
1591 2901 1807 2930 reuocare
1839 2899 1920 2929 co-

354 2992 364 3012 ¹
416 2991 474 3025 Ex
500 2991 680 3037 originali
705 2991 744 3027 in
768 2993 850 3027 vol.
882 2993 1013 3039 Epist.
1044 2995 1298 3035 sanctorum,
1325 2992 1439 3028 unico
1469 2991 1562 3027 folio
1591 2990 1757 3038 duplicis
1781 2989 1923 3026 solitae

284 3049 580 3096 magnitudinis,
601 3063 644 3086 n.
668 3050 727 3096 98.
