2034 3476
332 268 401 306 274
825 261 1065 316 Ensromss
1097 260 1268 295 ΜῙΧΤΑΕ
1274 259 1389 305 —840

1048 537 1171 578 84«)

755 639 1165 678 HIERONYMUS
1205 638 1433 676 v1GNEs

641 725 829 768 PATRI
859 724 1162 768 ANDREAE
1194 724 1276 767 DE
1308 723 1549 768 OVIEDO

832 827 1017 854 NEAPOLI
1034 827 1081 864 29
1098 827 1201 861 JUL11
1222 826 1313 864 1554
1334 820 1359 854 ¹.

271 902 438 950 Quaerit
455 903 504 939 ab
523 901 678 940 Oviedo
695 902 762 949 qui
788 900 874 937 fieri
900 901 1025 949 possit
1044 906 1101 948 ut,
1122 914 1171 938 ex
1198 913 1276 937 una
1301 907 1426 949 parte,
1454 901 1560 938 domi
1577 902 1807 949 parentibus
1835 903 1919 940 suis

342 962 489 999 serviat
507 961 751 1009 eisdemque,
770 960 943 997 doctoris
961 973 1138 1007 munere,
1158 961 1375 1009 provideat,
1396 966 1436 997 et
1454 973 1503 998 ex
1528 963 1651 998 altera
1669 967 1804 998 votum
1823 975 1921 999 nun-

342 1027 461 1069 cupet
479 1020 671 1068 migrandi
690 1021 730 1056 in
748 1021 866 1057 aedes
886 1021 1096 1057 Societatis
1114 1023 1169 1057 ad
1185 1022 1410 1069 superioris
1428 1027 1582 1058 nutum.

1081 1106 1111 1164 †

364 1201 508 1244 Molto
527 1201 643 1243 Rdo.
661 1206 707 1244 et
724 1199 770 1242 in
786 1199 969 1244 Christo
986 1201 1134 1244 Padre
1147 1199 1569 1244 osservandissimo.
1584 1202 1637 1245 L’
1653 1215 1780 1245 amor
1796 1208 1918 1245 eter-

274 1292 335 1321 no
356 1283 402 1322 et
423 1276 572 1334 gratia
593 1277 650 1322 de
673 1276 859 1321 Christo
882 1279 940 1321 N.
967 1278 1015 1327 S,
1041 1277 1109 1320 sia
1130 1292 1309 1334 sempre
1330 1276 1421 1322 neli
1444 1277 1587 1321 nostri
1609 1278 1751 1322 cuori.
1774 1280 1864 1323 Per
1884 1280 1914 1322 l’

274 1354 636 1411 indispositione,
654 1354 756 1398 nela
773 1355 907 1409 quale
923 1369 997 1399 me
1014 1354 1247 1397 ritrouaua
1262 1355 1306 1397 la
1323 1353 1543 1410 prossima
1560 1355 1799 1400 settimana
1812 1371 1919 1413 pas-

273 1439 387 1484 sata,
413 1446 506 1475 non
529 1430 615 1475 feci
638 1438 842 1488 resposta
869 1432 926 1474 ad
950 1446 1040 1475 una
1062 1432 1120 1476 de
1141 1433 1198 1475 V.
1226 1433 1280 1475 R.
1312 1432 1369 1475 de
1397 1444 1447 1487 13
1471 1432 1545 1475 del
1566 1440 1792 1489 presente.
1819 1434 1920 1478 Con

274 1515 437 1565 questa
453 1507 655 1565 suppliro
677 1507 724 1551 in
745 1509 903 1561 breue,
927 1507 1155 1552 dioendoli
1175 1510 1260 1552 che
1283 1523 1364 1564 per
1385 1508 1532 1566 gratia
1553 1510 1628 1554 del
1649 1509 1818 1567 Signor
1847 1517 1919 1554 sto

273 1585 604 1642 dispostissimo
626 1585 683 1628 ad
705 1584 916 1642 eseguire
938 1586 1043 1641 quel
1072 1592 1198 1629 tanto
1219 1600 1292 1628 me
1314 1587 1351 1628 s’
1376 1586 1401 1628 6
1423 1593 1653 1642 proposto,
1678 1593 1725 1630 et
1745 1602 1837 1631 non
1859 1589 1919 1631 ho

276 1663 434 1706 uoluto
451 1661 695 1718 esprimere
712 1663 827 1706 altro
843 1661 890 1704 in
902 1667 1021 1706 tutte
1037 1662 1078 1706 le
1094 1661 1184 1706 mie
1200 1661 1366 1715 littere,
1381 1669 1558 1707 eccetto
1572 1663 1602 1705 l'
1619 1662 1915 1720 impedimen-

275 1738 326 1791 ti,
347 1738 469 1794 quali
492 1753 550 1781 an
574 1745 734 1781 tenuto
754 1741 800 1782 et
823 1745 1023 1795 tengano
1045 1738 1188 1796 ligato
1210 1754 1299 1793 me,
1319 1754 1504 1783 esserno
1526 1747 1643 1784 stata
1664 1754 1803 1785 causa
1824 1756 1916 1786 non

273 1814 515 1872 eseguisca
541 1815 573 1857 il
601 1815 692 1858 mio
720 1814 943 1859 desiderio
971 1816 1013 1858 al
1041 1822 1268 1871 presente,
1295 1815 1647 1873 resignandome
1670 1823 1790 1861 tutto
1812 1819 1915 1863 nele

274 1906 409 1936 mano
446 1892 519 1935 del
547 1891 779 1948 superiore
807 1892 839 1934 ².
873 1891 1097 1936 Desidero
1126 1891 1350 1936 intender'
1380 1892 1459 1949 piu
1481 1893 1756 1938 claramente
1784 1909 1914 1939 come

274 1969 374 2013 sian
395 1968 684 2025 compatibile
707 1975 867 2025 queste
888 1969 979 2013 due
1000 1983 1122 2022 cose,
1143 1969 1315 2013 seruire
1337 1983 1424 2013 con
1446 1971 1591 2027 grado
1609 1971 1666 2015 de
1683 1972 1863 2017 dottore
1885 1971 1917 2016 li

273 2045 449 2103 parenti
469 2046 544 2089 nel
566 2046 736 2098 seculo,
757 2052 803 2089 et
819 2052 912 2089 star
929 2042 1160 2102 resignato
1180 2046 1237 2090 ad
1254 2053 1418 2089 nutum
1436 2047 1698 2104 superioris.
1719 2049 1917 2094 Senten-

271 2124 331 2166 do
357 2124 387 2166 l’
412 2122 567 2180 obligo
589 2130 634 2166 et
655 2122 880 2167 necessita
902 2123 959 2167 de
982 2122 1176 2176 seruirli,
1196 2133 1242 2167 et
1258 2125 1472 2168 hauendo
1493 2139 1627 2180 preso
1645 2126 1702 2169 V.
1725 2126 1780 2169 R.
1802 2125 1916 2170 tanti

274 2200 471 2257 trauagli
488 2214 567 2256 per
583 2214 673 2254 me,
697 2214 788 2242 non
805 2199 835 2241 li
857 2199 924 2243 sia
941 2199 1063 2244 tedio
1080 2200 1308 2244 chiarirmi
1325 2201 1399 2244 del
1417 2208 1554 2254 tutto,
1574 2201 1915 2246 certificandolo

273 2279 359 2321 che
372 2292 457 2336 per
474 2276 620 2334 gratia
642 2277 715 2320 del
737 2276 905 2333 Signor
926 2278 983 2320 da
1004 2276 1169 2332 cinque
1187 2277 1294 2321 anni
1315 2277 1362 2320 in
1379 2277 1499 2321 circa
1515 2293 1588 2321 me
1605 2292 1720 2322 sono
1738 2293 1916 2336 sempre

274 2361 485 2412 reputato
507 2367 632 2398 esser
649 2368 711 2396 un
728 2353 886 2397 infimo
902 2369 1036 2399 seruo
1054 2355 1170 2399 dela
1188 2354 1489 2412 Compagnia,
1511 2369 1598 2398 con
1614 2354 1823 2412 desiderij
1843 2355 1914 2400 in-

275 2431 392 2474 tensi
414 2438 520 2475 actu
542 2431 599 2474 de
620 2429 809 2474 seruirla
836 2431 998 2475 dentro
1020 2433 1064 2474 d’
1089 2446 1190 2475 essa
1212 2438 1257 2476 et
1278 2432 1335 2476 de
1359 2432 1507 2484 fuora,
1533 2431 1605 2475 sin
1627 2438 1753 2476 tanto
1774 2432 1913 2476 dura·

276 2523 394 2552 uano
412 2509 441 2550 l'
461 2506 773 2564 impedimenti
789 2507 865 2563 gia
884 2515 1009 2551 tanto
1026 2507 1156 2562 detti;
1177 2515 1224 2553 et
1239 2523 1331 2551 non
1348 2507 1409 2551 mi
1428 2507 1605 2551 ricordo
1623 2510 1766 2552 hauer
1782 2523 1915 2552 man--

273 2592 377 2629 cato
398 2584 488 2628 mai
505 2599 586 2642 per
608 2591 727 2627 tutto
749 2585 792 2627 el
814 2591 965 2641 tempo
987 2591 1169 2641 passato
1196 2584 1267 2628 sin
1294 2584 1421 2642 hogi,
1448 2593 1494 2630 et
1515 2598 1648 2641 spero
1670 2600 1762 2629 non
1783 2601 1913 2630 man-

274 2662 380 2706 caro
402 2661 507 2715 mai,
533 2661 602 2705 sin
627 2666 755 2704 tanto
779 2661 807 2702 l’
832 2661 970 2704 habbi
991 2661 1219 2719 eseguito,
1243 2661 1456 2705 massime
1477 2676 1564 2705 con
1586 2662 1616 2704 l’
1636 2661 1762 2706 aiuto
1779 2663 1838 2708 de
1854 2662 1914 2720 pij

274 2747 319 2784 et
341 2739 460 2783 santi
482 2737 689 2793 sacrificij
714 2745 759 2781 et
788 2738 983 2781 orationi
1012 2739 1069 2783 de
1098 2740 1155 2782 V.
1182 2740 1235 2782 R.
1253 2772 1263 2791 ,
1296 2739 1398 2782 nele
1429 2738 1551 2795 quali
1579 2739 1623 2782 lo
1651 2753 1796 2796 prego
1830 2754 1918 2783 con

275 2822 395 2860 tutto
418 2817 460 2861 el
481 2829 619 2859 cuore
636 2817 696 2857 m'
716 2815 854 2858 habbi
875 2815 1191 2871 spetialmente
1208 2814 1534 2869 ricomandato,
1556 2822 1602 2860 et
1619 2817 1803 2872 quando
1818 2817 1918 2861 sar&

274 2892 496 2936 ritornato
524 2892 582 2936 da
611 2890 785 2945 Tiuoli,
817 2892 1030 2936 hauendo
1057 2891 1285 2936 comodita
1307 2899 1353 2936 et
1379 2891 1637 2949 parendoli,
1664 2892 1919 2938 conferisca

348 3007 358 3027 ¹
410 3005 468 3039 Ex
486 3004 726 3051 autographo
745 3003 783 3039 in
802 3005 878 3039 vol.
899 3005 946 3051 E,
965 3004 1080 3040 unico
1099 3004 1207 3052 folio,
1226 3016 1264 3040 n.
1289 3013 1370 3052 101,
1390 3005 1497 3052 prius
1516 3013 1598 3051 209.

345 3066 359 3085 ²
411 3063 511 3100 Vide
531 3064 647 3111 epist.
666 3062 750 3099 832.
