2034 3444
760 254 807 291 29
831 245 1002 281 APRILIS
1030 252 1120 291 1555
1633 246 1703 292 625

117 363 206 392 con
226 354 338 401 este,
363 363 393 404 y
410 348 484 391 sue
499 347 675 404 partido
690 347 749 391 de
769 347 853 390 dos
873 348 1130 400 hermanos,
1153 361 1184 403 y
1201 346 1399 391 tienenlo
1420 362 1532 390 vnas
1554 348 1745 403 monjas,

118 440 206 482 que
227 425 271 468 10
293 427 502 480 querrian
531 425 717 469 vender.
751 424 806 467 El
833 423 1090 467 solicitador
1121 425 1225 482 (que
1247 438 1418 469 conoce
1443 424 1550 469 bien
1573 426 1635 468 M.
1661 424 1751 469 Mi—

116 502 245 546 chael
270 501 297 558 ¹)
318 501 363 544 10
379 500 534 556 quiere
556 515 744 554 mercar,
770 516 800 557 y
814 501 1102 554 beneficarlo,
1127 516 1157 557 y
1172 501 1356 546 dexarlo
1372 501 1568 558 despues
1589 501 1647 544 de
1668 515 1748 544 sus

117 579 214 622 dias
243 579 286 622 al
317 577 534 634 collegio,
568 592 741 634 porque
771 592 832 621 no
848 577 1012 637 ‘puede
1042 583 1163 621 estar
1195 592 1283 621 vna
1313 585 1439 634 parte
1470 577 1541 621 sin
1573 584 1688 631 otra3
1720 593 1749 634 y

117 656 298 711 quando
326 655 476 698 fuesse
499 655 606 697 todo
629 654 787 710 junto,
819 657 935 699 seria
962 668 1072 711 muy
1098 655 1311 699 sefialada
1338 668 1467 707 cosa,
1498 669 1672 711 porque
1700 669 1752 698 se

116 732 304 789 podrian
335 732 511 788 plantar
542 738 663 775 otras
695 738 844 775 tantas
875 731 1020 775 oliuas
1045 746 1075 788 y
1098 733 1286 775 muchos
1316 732 1526 786 frutales,
1555 732 1673 774 vltra
1693 732 1752 775 de

116 809 185 852 105
204 808 416 864 naranjos
436 822 525 863 que
547 822 618 863 ay.
645 809 710 851 La
738 814 837 851 otra
857 814 985 864 parte
1014 807 1212 852 tambien
1233 809 1456 864 responde
1478 812 1504 851 a
1524 809 1568 852 13
1589 809 1752 851 abadia

120 886 176 928 de
203 884 486 941 propriedad,
518 898 700 939 aunque
728 898 858 940 poco,
888 885 916 927 6
945 883 1126 928 tarines.
1163 886 1232 928 En
1260 885 1301 929 el
1329 884 1464 928 dicho
1495 885 1644 940 jardin
1675 885 1754 928 fue

118 960 396 1018 principiada
414 975 505 1004 vna
526 967 646 1003 torre
667 975 697 1016 y
718 975 831 1003 vnas
853 959 1092 1013 estanciaS,
1112 974 1201 1016 que
1216 975 1300 1004 son
1321 975 1539 1005 comunes
1561 967 1687 1004 tanto
1709 960 1754 1003 al

118 1052 181 1081 vn
195 1038 346 1094 jardin
367 1051 498 1081 como
515 1037 556 1081 al
579 1043 694 1089 otro,
719 1051 902 1092 aunque
923 1051 983 1080 no
1004 1051 1088 1080 son
1109 1037 1360 1090 habitadas,
1386 1051 1558 1093 porque
1582 1038 1688 1080 falta
1709 1037 1764 1080 la-

119 1116 230 1158 obra
244 1115 319 1159 del
334 1115 589 1170 legnamen.
608 1114 711 1157 Con
733 1128 845 1170 poca
866 1127 1050 1170 espessa
1066 1128 1115 1157 se
1135 1114 1293 1170 podria
1314 1113 1504 1170 complir
1523 1129 1554 1169 y
1575 1114 1754 1157 habitat

119 1206 178 1235 en
199 1191 309 1235 ellas
329 1192 414 1234 dos
435 1194 463 1233 ὁ
485 1197 576 1234 tres
598 1190 654 1234 de
675 1190 743 1233 105
765 1197 992 1244 nuestros,
1023 1206 1052 1248 y
1079 1191 1269 1247 podrian
1291 1192 1428 1234 hazer
1449 1190 1492 1233 la
1519 1190 1624 1233 vida
1644 1204 1755 1234 con-

122 1267 399 1324 templatiua.

207 1346 277 1388 En
298 1346 493 1389 Marsala
515 1346 661 1402 (como
678 1344 836 1401 pienso
853 1359 964 1389 auer
985 1344 1122 1388 scrito
1142 1351 1264 1388 otras
1285 1359 1420 1389 vezes
1441 1348 1468 1387 a
1490 1346 1548 1388 V.
1576 1344 1647 1401 P.)
1667 1343 1754 1388 tie-

119 1436 178 1466 ne
198 1430 296 1465 esta
316 1422 476 1465 abadia
498 1422 513 1443 ²
539 1434 563 1465 2
586 1425 614 1464 ό
637 1434 662 1476 3
684 1420 883 1478 iglesias,
904 1420 1149 1465 miembros
1169 1435 1325 1477 suyos.
1351 1422 1416 1465 La
1438 1435 1527 1464 vna
1549 1435 1599 1466 se
1620 1421 1755 1464 llama

194 1566 204 1586 ¹
254 1564 300 1599 P.
323 1563 489 1600 Michael
513 1564 687 1599 Botellus
710 1564 919 1609 (Botelho),
943 1564 1010 1611 qui
1035 1575 1084 1599 ex
1109 1564 1242 1600 Sicilia
1260 1565 1423 1599 Romam
1442 1563 1578 1599 ultima
1601 1563 1665 1599 die
1689 1564 1754 1610 Ja-

118 1622 242 1659 nuarii
260 1622 456 1670 profectus
473 1622 616 1658 fuerat.
641 1623 861 1670 POLANCO,
880 1628 909 1658 t.
928 1631 970 1666 v,
989 1635 1082 1670 pag.
1110 1632 1191 1670 195,
1210 1635 1249 1659 n.
1269 1623 1356 1668 565.

183 1682 198 1704 ²
247 1681 383 1717 Sermo
412 1687 474 1717 est
492 1682 542 1717 de
565 1682 723 1717 abbatia
750 1683 869 1728 vulgo
894 1682 968 1718 Sti.
993 1683 1163 1730 Philippi
1180 1683 1283 1718 della
1300 1682 1456 1728 Grotta‚
1483 1681 1536 1720 O.
1567 1682 1613 1718 S.
1638 1683 1753 1725 Bas.,

118 1752 242 1776 «anno
262 1749 353 1786 1552
370 1753 392 1776 a
408 1741 532 1787 Regia
561 1741 690 1778 Caroli
709 1741 761 1776 V.
798 1741 1063 1777 munificentia
1083 1741 1393 1789 praeclarissimo
1417 1741 1625 1777 Societatis
1656 1742 1754 1787 Jesu

118 1800 389 1836 Panormitano
418 1801 617 1847 Collegio»
648 1800 858 1836 adtributa.
883 1801 931 1836 R.
957 1801 1127 1847 PIRRUS,
1154 1801 1297 1837 Sicilia
1322 1801 1463 1843 Sacra,
1494 1801 1572 1836 col.
1606 1799 1695 1845 1193
1713 1805 1754 1836 et

116 1859 349 1907 seq.—Nam
366 1871 455 1895 cum
473 1860 512 1895 in
530 1859 614 1906 ipsa
631 1859 788 1906 collegii
805 1871 906 1906 pene
924 1859 1102 1904 infantia,
1120 1871 1222 1895 anno
1243 1867 1349 1905 1550,
1369 1859 1545 1895 universi
1562 1859 1674 1905 regni
1691 1870 1756 1895 co-

118 1918 228 1954 mitia
244 1929 266 1953 a
282 1917 422 1954 Carolo
439 1919 474 1954 V
491 1923 686 1965 peterent,
701 1923 745 1954 ut
762 1918 890 1954 eidem
908 1929 1071 1954 censum
1088 1918 1362 1964 constitueret,
1381 1930 1523 1966 nempe
1541 1918 1639 1964 regii
1654 1918 1754 1964 juris
1773 1918 1779 1933 ²

117 1976 300 2024 aliquam,
323 1989 422 2024 quae
446 1977 569 2024 prima
599 1976 785 2024 deinceps
815 1977 1052 2024 possessoris
1079 1982 1204 2013 morte
1236 1978 1363 2012 soluta
1387 1983 1511 2021 esset,
1540 1977 1752 2021 abbatiam3

117 2047 265 2082 caesar,
283 2036 368 2072 sive
385 2036 475 2083 quia
498 2036 584 2072 aliis
608 2037 799 2072 bellorum
816 2037 920 2072 curis
937 2036 1133 2072 distentus
1146 2064 1155 2082 ‚
1175 2036 1260 2072 sive
1284 2037 1375 2083 quia
1398 2036 1563 2072 infensis
1591 2035 1753 2072 aliorum

119 2106 211 2141 erga
227 2095 465 2131 Societatem
483 2094 731 2142 opinionibus
749 2101 1056 2143 praeoccupatus
1075 2101 1196 2142 esset,
1212 2095 1425 2142 rescripsit:
1444 2096 1556 2131 «Non
1570 2094 1645 2130 sibi
1659 2094 1756 2131 satis

118 2159 358 2200 compertum
372 2166 460 2190 esse
473 2154 522 2190 de
537 2167 582 2190 ea
600 2154 811 2199 Societate,
831 2165 899 2202 pro
911 2167 987 2202 qua
1002 2160 1204 2202 tantopere
1217 2155 1501 2203 [panormitana
1515 2154 1670 2201 civitas]
1688 2155 1755 2189 fla-

117 2213 275 2259 gitaret3
294 2219 469 2249 ceterum
486 2225 529 2249 se
547 2213 642 2250 satis
659 2215 819 2258 habere,
833 2214 938 2262 quod
956 2219 1034 2250 tam
1052 2216 1248 2262 praeclare
1266 2214 1315 2250 de
1330 2226 1376 2250 ea
1390 2215 1561 2261 Joannes
1579 2214 1628 2249 de
1643 2214 1755 2259 Vega

112 2272 319 2319 judicaret,
343 2278 386 2307 ut
415 2273 551 2308 eadem
581 2273 665 2320 ipse
699 2274 905 2309 sentiret».
942 2274 1176 2315 AGUILERA‚
1210 2275 1452 2310 Provinciae
1478 2274 1637 2309 Siculae
1666 2273 1752 2308 Soc.

109 2332 225 2379 Jesu,
245 2334 356 2367 ortus
369 2335 406 2367 ef
423 2343 486 2367 res
499 2335 649 2379 gestae,
670 2337 698 2367 t.
717 2342 744 2378 1,
763 2344 852 2379 pag.
877 2331 940 2368 63.
967 2332 1130 2369 Curavit
1153 2333 1279 2379 Vega,
1305 2324 1434 2368 missis
1460 2332 1607 2368 romani
1627 2331 1754 2378 ponti·

117 2390 202 2426 ficis
219 2390 268 2426 de
286 2390 482 2426 Societate
501 2390 776 2437 monumentis,
796 2397 853 2438 ut,
872 2391 906 2426 si
922 2403 998 2438 qua
1015 2391 1116 2427 forte
1134 2391 1173 2427 in
1187 2392 1356 2428 caesaris
1374 2392 1546 2427 animum
1564 2390 1753 2426 adversus

118 2449 222 2486 illam
241 2449 475 2496 irrepsisset,
490 2449 753 2496 suspicionem
771 2462 926 2486 omnem
950 2456 1167 2487 amoveret.
1200 2451 1317 2498 Quod
1339 2451 1506 2496 contigit
1530 2462 1579 2485 ex
1597 2455 1756 2485 senten-

117 2508 183 2545 tia.
203 2508 303 2544 Nam
322 2508 511 2555 «publicis
529 2508 685 2555 litteris,
704 2508 918 2556 Oeniponti
935 2509 1036 2545 datis
1054 2519 1096 2545 111
1113 2509 1198 2546 Cal.
1218 2511 1337 2546 Febr.
1375 2518 1480 2555 1552,
1499 2509 1692 2556 [Carolus]
1710 2509 1753 2544 in

117 2573 205 2603 acta
220 2567 357 2603 referri
376 2568 573 2603 mandavit
590 2573 634 2603 ut
650 2579 698 2603 ex
722 2568 874 2603 duobus
898 2568 1071 2605 infulatis
1096 2568 1195 2604 infra
1212 2569 1480 2616 pontificatum
1506 2567 1751 2609 sacerdotiis,

117 2638 217 2674 quae
234 2626 419 2674 deinceps
436 2638 662 2674 possessore
680 2632 878 2671 vacarent,
896 2627 1062 2674 primum
1081 2628 1368 2670 Panormitano,
1395 2629 1560 2663 alterum
1588 2638 1751 2662 mamer-

118 2686 200 2720 tino
219 2685 459 2722 obveniret».
487 2686 578 2722 [bid
599 2714 607 2731 ,
632 2697 725 2733 pag.
748 2686 808 2731 64.
840 2685 951 2724 Obiit
981 2687 1095 2733 paulo
1124 2692 1213 2734 post
1243 2688 1438 2734 «Joannes
1468 2686 1750 2732 Platamonius,

117 2744 284 2779 Sanctae
302 2745 444 2780 Mariae
462 2745 511 2780 de
533 2744 676 2792 Cripta
694 2745 840 2787 Abbas,
861 2750 904 2781 ut
920 2745 1049 2792 ajunt,
1072 2745 1494 2787 Commendatarius»,
1513 2756 1589 2792 quo
1602 2744 1748 2780 exstin-

116 2809 201 2838 cto»
216 2804 377 2838 lubente
391 2804 580 2850 Prorege,
600 2804 819 2850 Collegium
836 2804 1151 2840 Panormitanum
1170 2817 1305 2840 mense
1325 2804 1450 2851 Aprili
1469 2804 1516 2839 ad
1535 2804 1580 2839 S.
1604 2804 1748 2839 Mariae

116 2861 164 2897 de
182 2861 316 2908 Cripta
345 2862 462 2898 aedes
492 2863 663 2899 traduxit
688 2863 752 2911 [P.
776 2863 919 2899 Paulus
938 2863 1143 2910 Achilles],
1161 2863 1294 2911 ibique
1318 2864 1494 2899 consedit
1519 2874 1619 2898 anno
1641 2862 1746 2909 1553,

115 2920 440 2967 quemadmodum
459 2922 725 2958 vetustissima
743 2928 994 2958 monumenta
1012 2927 1242 2959 testantur».
1262 2924 1379 2964 Ibid„
1401 2934 1487 2969 pag.
1511 2931 1592 2967 104.
1612 2923 1661 2957 Et
1679 2923 1745 2967 Ju-

116 2979 158 3015 lii
175 2979 247 3025 111,
265 2985 374 3026 pont.
400 2991 501 3015 max.
520 2981 764 3027 auctoritate,
783 2991 825 3016 xl
849 2981 935 3018 Cal.
961 2981 1066 3027 Maji,
1095 2981 1200 3026 1553,
1225 2983 1298 3018 hoe
1321 2981 1581 3017 sacerdotium
1610 2992 1746 3027 panor-

118 3038 262 3073 mitano
280 3039 446 3084 collegio
462 3039 674 3075 atributum
691 3046 766 3076 est.
793 3041 1027 3085 AGUILERA‚
1045 3040 1145 3076 ibid.
1169 3051 1257 3088 pag.
1286 3050 1365 3085 1043
1392 3041 1609 3082 POLANCQ
1636 3045 1664 3075 t.
1688 3049 1746 3086 111,

295 3102 486 3133 Emsromm
499 3103 647 3137 Mixut.
664 3112 739 3134 ron.
754 3112 808 3133 iv.
1552 3104 1589 3132 40
