2034 3476
774 273 820 310 26
845 274 947 318 MAJI
976 282 1067 319 1554
1621 285 1662 312 21
1672 286 1686 312 1

91 392 243 435 penso
263 377 330 420 ira
349 392 376 421 a
398 391 489 420 una
509 390 614 420 casa
636 375 714 433 qui
735 374 901 428 uicina,
926 374 1102 421 insiene
1122 390 1209 420 con
1234 391 1324 420 uno
1345 391 1431 420 suo
1451 376 1687 431 seruitore,
1713 394 1740 422 a

102 456 185 499 far’
209 453 273 512 gli
294 453 530 510 essercitij3
551 461 597 498 et
618 455 644 498 0
664 454 818 498 buono
834 460 1066 510 soggetto,
1094 454 1328 498 uolendosi
1350 454 1414 497 lui
1430 455 1585 498 lassar’
1606 455 1740 500 tirare

92 532 177 576 dal
198 532 408 589 Signore.
435 531 470 574 Il
491 531 605 575 Rdo.
634 531 782 575 Padre
803 530 1081 587 prouinciale
1109 530 1151 574 ci
1180 532 1239 574 ha
1260 532 1366 575 dato
1388 546 1414 575 a
1437 531 1543 574 tutti
1565 532 1742 588 grande

92 609 355 666 -allegrezza
383 622 469 652 con
496 609 540 651 13
570 623 653 652 5113
683 607 895 661 311111313,
920 615 966 651 01
987 607 1298 652 consolatione
1325 608 1559 665 spirituale
1588 623 1678 652 con
1699 610 1742 653 13

104 700 187 729 5113
202 692 332 729 531113
347 684 590 742 presentia.
612 686 707 730 Sua
723 683 839 729 Rcia
862 685 887 728 e
909 691 1082 729 uenuta
1098 699 1185 728 con
1203 700 1266 728 un
1281 687 1428 742 pocho
1444 684 1490 728 di
1512 687 1737 739 catharro,

38 811 42 814 ,
101 762 134 805 11
155 763 288 818 quale
309 762 374 819 gli
394 762 509 806 dura
530 763 743 815 anchora,
768 769 814 805 et
836 761 1018 818 mangia
1039 762 1178 805 molto
1199 764 1361 819 pocho.
1393 764 1499 806 Don
1520 763 1556 806 F
1559 762 1741 806 ederico

102 840 164 882 mi
186 853 294 896 pare
315 839 362 882 di
383 840 534 883 buone
551 838 666 895 parti
688 846 860 894 quanto
883 839 969 882 alla
990 838 1283 884 inclinatione
1304 840 1347 882 al
1368 840 1503 892 bene,
1521 846 1568 883 et
1588 839 1741 882 humi—

91 916 268 970 vlita,et
288 915 527 972 desyderio
548 915 594 958 di
615 915 904 972 soggiogarsi
932 916 1006 959 all'
1032 915 1307 960 obedientia:
1339 923 1385 961 et
1411 931 1520 973 pare
1542 916 1674 961 facile
1696 923 1743 960 et

93 993 321 1051 benigno,
352 1001 399 1037 et
427 992 468 1036 ci
495 994 553 1036 da
580 993 754 1049 grande
782 992 1085 1037 edificatione:
1126 1008 1268 1050 penso
1303 995 1375 1037 ch’
1408 993 1475 1037 sia
1502 995 1560 1038 de
1586 995 1741 1037 buono

102 1071 323 1128 ingegno,
348 1072 512 1114 bench’
537 1069 675 1113 habbi
698 1072 845 1126 pocho
867 1069 1022 1113 latino.
1056 1058 1094 1113 E
1115 1070 1161 1113 di
1182 1071 1301 1114 bella
1329 1070 1558 1127 presentia
1579 1078 1625 1115 et
1646 1077 1740 1114 sta—

105 1155 222 1202 tura,
242 1155 288 1191 et
310 1162 395 1191 con
418 1147 535 1191 assai
557 1147 680 1191 forze
701 1146 923 1203 corporali
945 1154 992 1190 et
1013 1147 1176 1202 sanita,
1201 1148 1365 1190 bench’
1390 1149 1502 1190 hora
1522 1147 1661 1191 habbi
1678 1162 1741 1190 un

105 1226 253 1282 pocho
274 1224 320 1267 di
342 1239 502 1281 rogna.

195 1302 230 1344 Il
260 1303 313 1345 P.
349 1303 411 1345 M.
445 1300 684 1346 Desiderio
715 1301 740 1343 0
768 1300 908 1343 1110110
937 1301 1084 1343 fiacho
1116 1307 1161 1345 et
1188 1301 1366 1353 debole,
1407 1308 1453 1345 et
1494 1301 1678 1344 attende
1714 1316 1742 1345 a

108 1380 263 1422 hauer'
285 1393 395 1422 cura
415 1378 534 1423 della
554 1377 737 1429 chiesia,
758 1383 804 1420 et
821 1377 1067 1420 confessar'
1088 1377 1222 1432 quelli
1246 1377 1292 1420 di
1314 1392 1433 1430 casa,
1454 1385 1500 1422 et
1521 1377 1585 1434 gli
1607 1379 1740 1421 scho-

107 1455 189 1498 lari
211 1462 257 1501 et
284 1455 384 1498 altri
414 1454 651 1507 forestieri,
683 1460 729 1497 et
757 1454 937 1510 qualch’
963 1454 1088 1497 uolta
1111 1455 1230 1499 nelle
1255 1454 1464 1511 prigioni.
1496 1454 1583 1498 Lui
1611 1454 1648 1498 si
1670 1454 1740 1498 di-

107 1539 237 1590 porta
264 1534 382 1577 bene
412 1538 583 1588 quanto
614 1532 702 1575 allo
730 1530 905 1588 spirito,
931 1538 977 1574 et
1005 1530 1046 1574 ci
1067 1531 1125 1574 da
1146 1531 1293 1588 grand
1322 1531 1545 1588 essempio
1566 1547 1593 1575 a
1615 1531 1736 1575 tutti:

106 1611 164 1653 ha
185 1611 338 1653 buona
361 1608 673 1664 grammatica,
699 1615 745 1653 et
766 1609 890 1665 parla
908 1615 1271 1664 >congruamente
1292 1608 1449 1652 latino.

172 1675 258 1732 (M.
285 1685 570 1732 Domenicho
594 1687 622 1740 ¹,
647 1692 964 1737 nuouamente,
976 1685 1216 1730 sacerdote
1235 1686 1364 1739 fatto,
1385 1686 1411 1729 0
1433 1685 1562 1741 quasi
1585 1685 1742 1742 guari-

95 1770 154 1808 ’10
174 1765 278 1808 dell'
302 1763 500 1816 orechia,
525 1769 571 1807 et
587 1762 626 1806 si
646 1764 903 1819 910931013,
928 1763 1122 1806 055011ὀο
1144 1762 1344 1819 guarito‚
1370 1777 1396 1806 a
1417 1762 1515 1807 dire
1534 1763 1578 1806 la
1599 1762 1742 1819 prima

94 1855 268 1885 messa.
295 1842 376 1886 Sta
397 1840 513 1884 assai
530 1841 646 1884 bene
663 1841 736 1883 del
753 1854 909 1896 corpo,
930 1848 974 1882 et
991 1840 1110 1883 dello
1127 1839 1286 1896 spirito
1308 1841 1521 1883 anchora:
1547 1841 1606 1882 ha
1622 1839 1741 1883 buo-

94 1932 165 1961 no
185 1918 341 1970 latino,
367 1924 413 1963 et
434 1918 523 1961 ben
546 1917 748 1969 fondato,
773 1923 819 1961 et
841 1916 913 1959 nel
937 1930 1076 1973 greco
1103 1916 1486 1961 mediocremente
1507 1923 1737 1974 prouetto.

194 1998 257 2040 M.
290 1995 434 2039 Lione
463 1995 478 2016 ²
508 2001 578 2038 sta
608 1993 725 2037 assai
753 1994 870 2038 bene
891 1994 965 2038 del
992 2007 1148 2049 corpo,
1180 1993 1345 2038 bench’
1371 1994 1500 2038 suole
1527 1995 1686 2037 hauer'
1711 1993 1743 2036 il

95 2079 296 2125 catarro,
322 2071 533 2116 massime
554 2070 703 2127 questi
725 2070 839 2115 mesi
860 2070 1043 2126 passati.
1070 2070 1202 2114 Dello
1223 2070 1382 2127 spirito
1403 2070 1581 2114 camina
1603 2071 1743 2114 molto

104 2150 237 2203 bene,
263 2156 310 2194 et
330 2150 386 2192 da
409 2149 556 2206 grand
586 2147 810 2204 essempio
832 2163 858 2191 a
881 2147 1002 2191 tutti.
1036 2147 1123 2191 Lui
1147 2147 1190 2192 fa
1218 2148 1262 2191 13
1283 2147 1362 2204 piu
1391 2149 1480 2191 alta
1509 2148 1670 2201 013550,
1696 2154 1742 2192 01

99 2374 178 2409 sub
202 2373 320 2407 finem
343 2370 489 2406 mensis
507 2368 617 2416 Maji,
639 2380 779 2415 magna
801 2380 890 2404 cum
914 2368 1064 2404 laetitia
1088 2373 1128 2404 01
1151 2379 1174 2403 3
1199 2368 1378 2404 Ducibus
1395 2373 1436 2404 et
1458 2369 1508 2404 ab
1525 2368 1612 2404 aliis
1629 2379 1743 2404 exce-

103 2438 193 2479 ptus
212 2437 285 2467 est.
305 2430 536 2466 Deducebat
554 2440 703 2474 secum,
722 2434 765 2464 ut
782 2428 968 2474 diximus,
987 2429 1037 2464 D.
1057 2427 1289 2463 Federicum
1301 2456 1310 2474 ,
1328 2427 1399 2463 sed
1417 2434 1457 2464 et
1474 2428 1592 2464 alium
1609 2439 1742 2475 quem-

92 2491 192 2527 -dam
210 2490 250 2526 in
262 2490 350 2538 jure
368 2489 625 2533 licentiatum,
649 2487 716 2535 qui
742 2487 923 2523 eumdem
949 2487 1182 2523 Federicum
1200 2486 1408 2523 comitatus
1431 2487 1573 2531 fuerat,
1602 2493 1642 2522 et
1666 2487 1741 2534 spi-

103 2550 257 2586 ritualia
280 2549 468 2585 exercitia
490 2560 580 2584 cum
605 2559 747 2594 magno
777 2546 956 2594 profectu
985 2545 1209 2582 Florentiae
1235 2546 1402 2593 accepit,
1429 2557 1507 2582 non
1537 2551 1667 2581 tamen
1694 2545 1741 2581 ad

104 2609 330 2655 religiosum
354 2608 460 2644 vitae
484 2613 629 2643 statum
653 2618 869 2654 propensus
892 2605 1139 2642 videbatur.»
1159 2606 1210 2641 Et
1234 2605 1348 2651 infra,
1373 2617 1412 2642 n.
1437 2605 1521 2651 335,
1546 2617 1666 2651 agens
1693 2605 1741 2640 de

96 2668 242 2705 -eodem
259 2667 461 2713 Federico,
480 2666 625 2703 subdit:
647 2666 890 2702 «Mutaverat
902 2665 969 2701 ille
983 2677 1097 2701 suum
1115 2675 1271 2711 nomen,
1291 2669 1331 2700 et
1348 2675 1417 2711 pro
1431 2664 1619 2700 Federico
1637 2665 1735 2699 Man-

102 2728 227 2774 rique,
246 2726 495 2762 Franciscum
512 2727 843 2770 Bonaventuram,
866 2735 955 2759 cum
979 2723 1172 2770 simplicia
1188 2728 1287 2759 vota
1311 2723 1524 2768 emitteret,
1544 2735 1586 2758 se
1612 2723 1742 2759 vocari

102 2788 276 2831 volebat,
294 2785 397 2832 quod
414 2796 507 2831 erga
524 2785 611 2820 illos
628 2784 725 2820 duos
748 2783 913 2819 sanctos
938 2783 1175 2831 peculiarem
1197 2788 1355 2829 gereret
1379 2782 1644 2826 devotionem3
1672 2781 1742 2817 sed

103 2847 148 2882 P.
167 2844 343 2891 Ignatius
361 2843 400 2879 id
416 2848 542 2878 ratum
561 2854 639 2879 non
655 2843 806 2888 habuit,
826 2847 866 2878 et
883 2842 1008 2878 voluit
1025 2847 1068 2877 ut
1082 2854 1195 2878 suum
1213 2853 1356 2878 nomen
1374 2842 1600 2877 retineret.»

178 2908 188 2928 ¹
240 2905 468 2939 «Promotus
483 2907 544 2938 est
558 2901 676 2937 etiam
688 2903 761 2937 hoc
774 2912 875 2937 anno
892 2901 941 2936 ad
955 2900 1217 2937 sacerdotium
1232 2901 1276 2936 P.
1291 2900 1521 2936 Dominicus
1538 2898 1743 2935 Lotharin-

92 2975 190 3012 gus3
207 2963 346 2999 messis
360 2962 464 2998 enim
478 2973 524 2996 ea
537 2966 621 2996 erat
633 2960 871 3005 Florentiae,
886 2966 929 2996 ut
943 2961 1086 2996 multos
1100 2959 1298 3007 operarios
1312 2959 1510 2995 Florentia
1525 2958 1741 3003 exigeret.»

102 3025 323 3061 POLANCO.
342 3027 371 3058 t.
391 3029 447 3067 1v,
466 3031 559 3068 pag.
586 3023 668 3066 165,
684 3031 728 3055 n.
747 3018 835 3064 337.

176 3086 191 3106 2
242 3083 322 3118 Leo
339 3081 402 3116 del
422 3079 554 3126 Giglio
568 3078 739 3123 (Lilius).
767 3078 866 3115 Litt.
891 3079 1077 3124 Quadr„
1097 3083 1125 3114 t.
1146 3087 1189 3125 11,
1207 3088 1300 3125 pag.
1324 3086 1391 3123 555
1412 3083 1451 3112 et
1468 3088 1580 3123 seqq.
