2060 3450
329 241 404 286 604
431 216 434 219 ‚
822 242 1063 278 EPISTOLAE
1088 240 1375 288 MIXTAE-949

273 351 326 387 et
344 357 435 386 non
446 342 504 386 da
520 341 717 397 Dauide,
732 357 815 386 suo
832 343 986 399 padre,
1001 342 1176 385 benche
1194 343 1339 386 ancho
1352 342 1459 386 forsi
1475 342 1512 386 si
1528 343 1778 400 puotrebbe
1796 342 1911 397 dire,

275 422 367 463 che
394 418 531 476 quelli
560 418 638 462 tali
675 434 767 462 non
802 432 1081 475 procurorno
1111 419 1200 463 tale
1236 419 1598 463 reconciliatione
1628 418 1729 463 corn
1766 419 1908 464 debiti

280 496 412 549 mezi,
440 495 610 539 fondati
634 497 707 539 nel
729 495 883 552 spirito
905 495 963 540 de
983 494 1092 547 Dio,
1124 495 1256 550 quale
1279 495 1536 549 sirichiede
1557 495 1603 539 in
1625 495 1734 553 ogni
1756 497 1910 540 buona

279 573 488 630 impresa:
510 575 675 629 perche
692 573 723 615 il
739 572 914 616 ridurre
931 571 1005 615 doi
1021 571 1173 625 animi,
1193 571 1374 617 alienati
1397 573 1660 618 totalmente
1674 574 1761 616 dal'
1782 588 1907 617 amo-

279 665 329 694 re
351 650 439 693 del'
466 664 555 693 uno
579 664 711 692 uerso
732 650 761 691 l’
787 649 916 701 altro,
942 663 1035 691 non
1057 647 1095 692 si
1123 650 1214 705 puo
1242 649 1337 693 fare
1364 663 1500 694 senza
1527 650 1557 691 l’
1588 649 1834 694 assistenza
1860 649 1906 692 di

273 725 415 779 colui,
441 727 514 768 ch'
539 727 564 769 e
586 740 759 768 somma
779 724 967 779 charita,
992 732 1037 769 et
1059 725 1211 778 fuoco,
1232 726 1420 770 ardente
1441 725 1549 782 ogni
1572 725 1699 770 triste
1720 725 1905 780 qualita,

281 809 329 847 et
346 804 404 846 ha
420 802 451 844 li
473 802 598 845 cuori
616 801 704 845 deli
726 801 824 858 regi
841 802 957 845 nelle
974 801 1112 856 mani,
1131 816 1158 844 a
1175 801 1306 858 guisa
1322 803 1394 845 ch’
1415 803 1458 847 el
1474 803 1617 859 figulo
1632 803 1692 845 ha
1708 802 1739 845 il
1756 809 1912 846 tenero

281 894 393 923 vase
414 879 515 923 nele
538 878 673 932 mani,
700 879 890 922 facendo
910 879 954 921 lo
975 893 1066 922 vno
1089 893 1116 921 o
1139 879 1268 932 altro,
1294 892 1422 922 come
1444 879 1508 936 gli
1529 893 1651 936 pare.
1678 880 1735 922 Et
1761 878 1913 935 percio

280 955 511 1012 pigliando
533 955 607 998 voi
631 956 718 1000 tale
745 962 994 1011 assumpto,
1019 955 1162 1012 primo
1189 955 1344 999 intrati
1365 957 1438 1000 nel
1468 963 1644 1001 secreto
1672 957 1745 999 del
1774 970 1914 1001 cuore

272 1039 432 1075 vostro
455 1033 654 1090 (sondato
674 1033 750 1077 nel
770 1033 934 1089 abysso
951 1032 1007 1076 de
1024 1033 1054 1075 l'
1073 1032 1279 1076 humilita
1301 1039 1347 1077 et
1363 1032 1734 1090 cognoscimento
1757 1033 1814 1077 de
1836 1032 1909 1076 voi

278 1109 548 1161 medesimo‚
581 1117 626 1152 et
654 1108 856 1152 diffidato
883 1110 1146 1154 totalmente
1174 1108 1220 1152 di
1253 1116 1409 1153 vostro
1438 1124 1595 1166 sapere
1623 1124 1650 1152 o
1678 1109 1833 1166 forze),
1865 1116 1912 1154 et

278 1185 387 1242 puoi
404 1185 622 1238 ricorreti,
644 1200 733 1229 non
751 1201 777 1229 a
793 1186 908 1229 mezi
924 1185 1110 1229 humani
1126 1187 1391 1239 solamente,
1413 1201 1484 1230 ma
1500 1202 1526 1230 a
1542 1186 1631 1230 Dio
1645 1187 1906 1238 benedetto,

279 1269 453 1307 motore
470 1262 713 1319 principale
730 1264 786 1307 de
801 1269 919 1307 tutte
937 1264 980 1306 le
999 1277 1136 1306 cause
1161 1264 1371 1308 seconde.
1403 1264 1460 1306 Et
1477 1263 1548 1307 all'
1572 1265 1682 1307 hora
1705 1263 1908 1306 confida-

280 1339 389 1392 teui,
416 1341 500 1383 che
524 1339 562 1382 si
591 1340 708 1383 farra
730 1339 1008 1396 tranquillita
1036 1339 1082 1383 in
1111 1347 1272 1396 questo
1301 1347 1605 1397 tempestuoso
1633 1355 1771 1392 mare,
1801 1342 1911 1385 hora

272 1423 408 1459 vtanto
432 1416 604 1473 agitato
626 1416 715 1459 dali
736 1417 862 1462 venti
893 1418 994 1462 dele
1025 1417 1141 1462 furie
1170 1417 1393 1470 infernali,
1417 1432 1498 1474 per
1525 1432 1652 1461 mezo
1680 1416 1725 1460 di
1752 1423 1913 1472 queste

272 1492 518 1538 discordie.

368 1571 417 1614 IL
446 1583 628 1622 QUINTO
659 1584 868 1615 RICORDo
897 1572 944 1624 e,
974 1573 1059 1616 che
1086 1571 1161 1614 voi
1194 1571 1438 1627 procuriati
1467 1572 1610 1628 (come
1635 1570 1756 1614 colui
1784 1585 1810 1613 a
1838 1569 1912 1614 chi

277 1660 416 1702 sopra
433 1646 542 1703 ogni
561 1647 676 1690 altro
694 1649 731 1689 s’
751 1647 1025 1705 appartiene)
1044 1647 1321 1692 reconciliar’
1342 1663 1368 1691 a
1384 1647 1472 1691 Dio
1493 1654 1539 1691 et
1560 1648 1646 1690 alla
1662 1647 1813 1690 chiesa
1829 1661 1912 1690 sua

272 1723 319 1766 le
342 1722 504 1767 misere
525 1723 764 1779 pecorelle,
790 1731 1071 1779 sequestrate
1094 1725 1237 1781 (corne
1267 1724 1393 1768 detto
1420 1723 1674 1780 habbiamo)
1699 1723 1806 1766 forsi
1827 1738 1910 1779 per

276 1799 395 1842 malo
417 1799 623 1855 exempio
644 1800 699 1843 de
720 1800 905 1856 pastori,
929 1801 1030 1843 dala
1052 1808 1207 1844 sancta
1230 1801 1347 1855 fede,
1372 1808 1417 1844 et
1445 1801 1532 1843 dal’
1557 1800 1804 1844 obedienza
1824 1800 1906 1844 de-

275 1876 320 1919 la
355 1877 464 1920 sede
501 1862 762 1932 apostolica,
803 1890 903 1919 com
941 1877 1194 1934 mandargli
1230 1877 1369 1934 legati
1405 1891 1432 1920 o
1470 1876 1616 1932 nuntij
1656 1875 1903 1933 apostolici,

273 1952 494 2004 huomini,
521 1953 587 1996 fra
610 1959 726 1996 tutte
749 1954 778 1995 l’
804 1953 916 1997 altre
938 1954 1090 1998 buone
1112 1953 1227 2009 parti
1249 1953 1480 2009 requisite,
1501 1954 1559 1996 de
1579 1954 1733 1996 buona
1750 1967 1908 1997 exem-

275 2028 436 2086 plarita
457 2029 502 2071 di
524 2029 617 2072 vita
639 2036 684 2073 et
705 2044 815 2073 sana
841 2029 1061 2082 doctrina,
1087 2029 1430 2087 accompagnati
1458 2031 1515 2073 da
1543 2044 1737 2086 persone
1758 2030 1906 2082 dotte,

270 2112 322 2150 et
343 2105 389 2149 di
410 2114 566 2149 sancta
587 2105 948 2160 conuersatione,
975 2106 1099 2150 accio
1126 2121 1175 2151 se
1202 2106 1419 2150 risoluino
1445 2108 1488 2151 le
1514 2107 1610 2150 loro
1637 2105 1904 2150 difficultadi

272 2197 364 2226 con
386 2189 548 2238 questo
569 2197 714 2236 mezo,
740 2182 933 2239 puoiche
956 2184 1026 2226 col
1047 2183 1239 2227 concilio
1263 2185 1476 2240 generale
1497 2198 1605 2240 pare
1635 2182 1702 2226 sia
1729 2182 1912 2227 difficile

279 2258 481 2316 puotersi
500 2259 594 2303 fare
611 2260 653 2302 al
669 2266 894 2315 presente.
919 2261 976 2303 Et
993 2267 1153 2316 questo
1171 2260 1315 2313 adcio,
1336 2261 1545 2304 uedendo
1567 2266 1725 2315 queste
1741 2274 1911 2315 pouere

271 2335 427 2379 anime
448 2335 479 2378 li
507 2335 815 2389 ecclesiastici,
841 2337 961 2392 quali
984 2352 1009 2380 a
1036 2338 1135 2382 loro
1162 2338 1391 2381 andarano
1421 2336 1654 2390 riformati,
1681 2343 1726 2380 et
1754 2350 1908 2380 exem-

276 2412 407 2469 plari,
433 2420 477 2456 et
499 2412 770 2470 intelligenti
793 2414 893 2458 dele
915 2428 1020 2457 cose
1040 2415 1099 2459 de
1119 2414 1224 2468 Dio,
1258 2413 1585 2458 comminciano
1614 2413 1671 2456 ad
1698 2411 1907 2470 hauergli

275 2489 324 2532 in
355 2490 508 2533 buona
539 2489 749 2546 opinione
781 2497 826 2534 et
859 2489 1110 2544 riueoenza,
1144 2497 1189 2534 et
1221 2496 1681 2546 consequentemente
1717 2487 1907 2533 crederli

277 2567 384 2622 quel
413 2573 537 2610 tanto
568 2567 651 2609 che
679 2565 709 2608 li
737 2580 1070 2622 proponeran03
1103 2574 1148 2612 et
1176 2567 1268 2611 cosi
1301 2567 1433 2623 piano
1465 2566 1598 2623 piano
1635 2565 1850 2609 battendo
1878 2563 1909 2607 il

274 2643 441 2686 chiodo
463 2644 535 2687 col
556 2643 761 2700 martello
785 2643 886 2687 dela
907 2645 1058 2700 parola
1079 2645 1136 2688 de
1156 2644 1260 2697 Dio,
1281 2645 1413 2699 quale
1434 2658 1595 2699 spezza
1617 2643 1659 2688 le
1680 2642 1839 2699 pietre,
1864 2648 1911 2686 et

278 2733 378 2762 corn
399 2720 442 2762 la
463 2720 582 2763 bona
607 2719 700 2762 uita
720 2720 779 2764 de
801 2720 937 2775 quelli
959 2723 1030 2763 ch’
1055 2721 1282 2764 andarano
1309 2736 1336 2764 a
1363 2722 1476 2773 loro,
1502 2719 1540 2762 si
1568 2719 1781 2762 ridurano
1810 2732 1910 2761 com

275 2797 321 2839 la
344 2796 490 2852 gratia
510 2797 567 2840 de
588 2796 676 2840 Dio
704 2796 789 2839 alla
817 2797 1077 2853 cognitione
1105 2798 1206 2841 dela
1232 2797 1391 2850 verita,
1417 2803 1462 2840 et
1494 2797 1579 2840 alla
1607 2795 1758 2839 debita
1785 2808 1911 2838 sum-

278 2871 505 2916 missione.
530 2872 807 2926 Altrimenti‚
827 2888 875 2917 se
892 2873 939 2917 in
955 2875 1088 2917 luoco
1110 2875 1167 2919 de
1184 2873 1375 2917 ministri
1392 2874 1449 2916 de
1466 2873 1552 2917 Dio
1568 2879 1613 2915 et
1629 2885 1818 2928 persone
1837 2884 1909 2913 re-

275 2948 454 3004 ligiose,
486 2950 713 2992 andarano
742 2964 768 2992 a
796 2950 891 2993 loro
922 2965 1001 3006 per
1031 2949 1325 3006 conuertirgli
1353 2948 1556 2993 huomini
1583 2948 1629 2991 di
1662 2946 1909 2991 conditioni

268 3025 496 3081 opposite,
529 3026 871 3083 accompagnati
904 3028 961 3070 da
993 3026 1264 3084 spadazzini,
1295 3026 1359 3083 gli
1391 3025 1676 3083 regietarano
1712 3023 1758 3066 in
1791 3021 1909 3066 facie
