2014 3476
291 219 357 256 128
788 221 1027 258 Ems'roLAE
1054 220 1344 267 M1xTAE-—7b6

241 321 554 378 corporatione
575 336 655 378 per
674 322 718 365 la
738 321 1035 379 Compagnia,
1058 323 1235 366 benche
1253 322 1394 367 siamo
1411 337 1490 379 per
1506 323 1668 368 lettere
1683 323 1757 368 del
1772 338 1878 380 pas—

240 405 341 442 sato
362 398 524 443 auisati
545 399 602 442 de
624 400 683 443 V.
709 400 785 454 R.,
817 400 902 443 che
923 398 954 442 il
981 414 1030 444 re
1051 401 1110 442 ha
1137 400 1195 442 de
1217 406 1403 443 trattare
1431 399 1509 457 pisi
1538 407 1690 457 presto
1723 402 1807 444 che
1834 401 1879 445 la

242 475 526 533 Compagnia
547 490 730 532 apresso
758 477 815 520 de
842 490 925 519 sua
953 475 1043 521 Sta
1071 491 1152 532 per
1181 477 1276 520 fare
1308 475 1669 533 incorporatione
1693 477 1750 522 de
1777 493 1877 522 mo-

239 552 425 596 nasterii
445 567 473 595 0
493 552 538 595 d'
563 553 675 598 altre
696 554 838 597 robbe
859 553 916 598 de
938 552 1153 609 religiosi.
1178 555 1266 596 Per
1287 567 1470 608 passare
1492 568 1518 597 a
1539 554 1689 609 quello
1709 555 1871 611 luogo,

240 630 316 687 gia
330 629 477 673 siamo
498 629 660 674 auisati
687 631 759 674 dal
787 632 917 674 Rmo.
945 631 1225 682 Labacense,
1251 636 1296 672 et
1324 631 1522 673 anchora
1550 630 1626 673 noi
1657 645 1873 687 appareo-

240 706 347 750 ciati
367 722 499 751 sensa
520 709 688 752 hauere
711 707 822 750 fatto
846 708 1039 750 alchuna
1060 705 1360 762 promissione
1388 707 1445 749 de
1466 706 1563 750 dire
1589 707 1724 750 officii
1747 721 1876 753 come

242 799 291 828 se
313 785 589 841 pretendeua
606 785 679 827 dal
694 783 930 840 principi03
952 784 1118 839 perche
1137 783 1346 827 vedendo
1363 782 1395 825 il
1412 784 1674 827 Labacense
1696 786 1781 829 che
1797 784 1877 841 pisi

241 868 395 918 presto
415 861 725 906 restaressimo
747 861 793 903 in
815 867 946 904 santo
969 859 1223 904 Domenico
1245 859 1293 902 in
1314 867 1471 904 nostra
1491 860 1669 913 liberta,
1695 862 1780 905 che
1801 861 1876 905 alli

242 938 520 982 carmelitani
536 952 623 981 con
645 938 839 980 alchuno
855 936 1017 980 sumile
1033 936 1203 993 obligo,
1224 952 1283 981 ne
1300 937 1350 980 fu
1366 936 1561 994 risposto
1583 939 1670 981 che
1688 937 1875 982 fossimo

244 1015 408 1059 securi.

328 1093 458 1136 Della
479 1106 626 1136 messa
647 1097 828 1134 cantata
858 1105 938 1147 per
959 1090 1003 1135 16
1024 1090 1294 1135 domeniche
1317 1098 1362 1136 et
1385 1091 1516 1144 feste,
1540 1105 1650 1147 pare
1678 1092 1763 1134 che
1785 1092 1876 1134 sal-

241 1176 330 1213 tem
353 1169 399 1211 in
423 1175 582 1224 questo
610 1166 847 1224 principio,
879 1182 971 1211 non
997 1174 1203 1224 potremo
1234 1182 1482 1224 scampare,
1515 1174 1561 1212 et
1588 1167 1696 1212 nelli
1726 1168 1772 1211 di
1799 1182 1875 1211 so-

238 1245 433 1302 pradetti
455 1245 572 1288 della
599 1245 767 1301 pascha
798 1244 828 1286 l’
860 1244 1069 1288 abbiamo
1101 1251 1282 1288 cantata
1309 1245 1380 1288 601
1410 1245 1440 1287 l'
1467 1244 1624 1302 agiuto
1657 1245 1714 1288 de
1741 1244 1817 1288 doi
1845 1259 1875 1288 o

236 1330 303 1366 tre
334 1322 493 1366 scolari
523 1320 695 1365 cantori
724 1322 797 1364 del
829 1321 992 1378 priore,
1024 1321 1390 1366 massimamente
1417 1322 1583 1378 perche
1611 1321 1741 1365 molti
1767 1336 1874 1378 spa-

233 1399 358 1456 gnoli
376 1399 494 1442 della
511 1405 636 1442 corte
653 1399 737 1441 che
754 1405 917 1441 stanno
934 1397 1115 1441 incerca
1131 1398 1189 1443 de
1212 1399 1361 1454 quella
1379 1397 1558 1443 echesia
1575 1405 1620 1442 et
1637 1398 1738 1442 altri
1750 1398 1873 1443 ‘della

234 1484 353 1519 terra
374 1476 517 1519 molto
539 1474 841 1519 desideranno
863 1476 948 1518 che
969 1474 1014 1517 vi
1036 1474 1198 1519 stiamo
1229 1482 1275 1520 et
1304 1474 1492 1519 faciamo
1520 1476 1577 1519 de
1605 1475 1667 1518 tal
1688 1475 1823 1519 modo
1846 1474 1878 1518 il

241 1553 433 1597 seruicio
455 1552 626 1595 diuino.

328 1630 381 1674 Li
408 1630 485 1674 doi
514 1629 677 1673 fratelli
705 1629 847 1672 nostri
877 1628 1074 1686 Rogerio
1097 1636 1142 1674 et
1164 1629 1400 1687 Joachimo
1428 1631 1457 1682 ¹,
1482 1643 1594 1672 sono
1622 1628 1729 1672 stati
1756 1643 1876 1674 essa-

238 1707 437 1751 minandi
460 1722 538 1763 per
560 1706 591 1749 il
613 1707 758 1763 grado
787 1706 845 1750 de
862 1705 1116 1755 bacceliero
1145 1705 1326 1759 artium,
1350 1721 1445 1749 non
1473 1719 1609 1749 senza
1641 1706 1778 1750 molte
1799 1719 1876 1749 so-

237 1784 499 1837 lecitationi,
526 1791 571 1828 et
594 1798 644 1827 se
672 1797 1052 1840 promoueranno,
1078 1797 1207 1827 come
1229 1782 1522 1837 intendiamo‚
1555 1789 1716 1838 questa
1745 1782 1875 1827 setti-

237 1876 370 1904 mana
391 1869 625 1917 sequente:
651 1860 682 1903 li
705 1859 806 1903 altri
828 1859 994 1915 cinquo
1016 1861 1101 1904 che
1122 1874 1235 1903 sono
1257 1859 1512 1912 baccelieri,
1539 1859 1636 1903 6106
1658 1859 1870 1912 Martino,

236 1938 441 1992 Nicolao,
468 1937 631 1992 Tirsio,
657 1936 900 1981 Lamberto
921 1944 967 1980 et
989 1936 1153 1980 Carolo
1176 1938 1209 1990 ²,
1234 1951 1284 1981 se
1305 1936 1592 1994 dispongono
1613 1938 1810 1980 anchora
1829 1936 1875 1979 al

236 2014 496 2072 magisterio
524 2015 641 2059 delle
669 2014 754 2058 arti
782 2029 861 2070 per
889 2014 918 2056 l’
950 2027 1070 2057 anno
1095 2013 1318 2070 prossimo
1347 2015 1380 2066 ³,
1412 2020 1457 2058 et
1492 2021 1682 2058 senteno
1716 2015 1758 2058 16
1785 2015 1873 2060 let-

238 2092 358 2136 tione
375 2091 629 2148 publicche,
650 2092 677 2133 l'
699 2106 788 2134 uno
805 2091 900 2148 pisi,
920 2091 949 2133 l'
971 2105 1062 2134 uno
1084 2105 1260 2143 manco,
1282 2091 1480 2135 secondo
1497 2092 1582 2136 che
1602 2093 1756 2135 hanno
1774 2092 1872 2136 loro

236 2169 445 2225 bisogn03
471 2176 517 2212 et
544 2169 638 2212 cosi
664 2168 909 2211 habbiamo
937 2168 1088 2211 leuato
1115 2167 1232 2212 delle
1261 2167 1392 2211 solite
1421 2167 1614 2211 faticche
1641 2167 1772 2223 quasi
1799 2169 1874 2212 dal

238 2252 372 2298 tutto,
405 2245 616 2298 Martino,
649 2244 796 2288 Tirsio
826 2252 872 2288 et
898 2245 1081 2298 CaroIo„
1113 2244 1211 2288 acio
1240 2245 1324 2288 che
1352 2250 1514 2300 questo
1541 2259 1661 2288 anno
1688 2244 1872 2301 possino

238 2322 404 2379 meglio
426 2323 638 2367 fondarse
660 2322 777 2366 nelle
799 2321 901 2365 arti.

327 2401 454 2443 Hora
481 2399 786 2444 ciasche'duno
812 2398 858 2441 di
884 2399 981 2442 loro
1009 2399 1145 2455 legge
1176 2399 1426 2443 solamente
1454 2398 1528 2442 alli
1560 2398 1626 2441 soi
1654 2398 1872 2455 discepoli

235 2491 325 2519 vna
346 2478 456 2519 hora
476 2477 562 2520 alla
583 2475 752 2519 matina
772 2482 818 2519 et
849 2490 939 2519 vna
959 2477 1070 2519 hora
1091 2474 1212 2532 dipoi
1234 2474 1266 2517 il
1287 2474 1454 2518 disnar:
1479 2474 1629 2519 inanzi
1650 2475 1681 2518 li
1707 2475 1870 2532 legge-

236 2567 355 2596 uano
377 2552 506 2608 quasi
528 2552 594 2597 sei
615 2554 726 2596 hore
757 2552 787 2594 il
819 2552 995 2609 giorno.
1028 2551 1292 2596 Coadiutori
1318 2553 1472 2596 hanno
1499 2551 1703 2605 Nicolao,
1734 2553 1869 2596 Erar-

306 2732 316 2751 ¹
369 2729 584 2776 «Rogerius
602 2729 766 2765 Schoter
789 2729 1025 2776 (legendum
1035 2727 1215 2776 fortasse
1239 2727 1424 2773 Scotter)‚
1445 2728 1670 2775 Joachimus
1694 2729 1868 2766 Vdamus

231 2789 356 2834 (alias
375 2789 615 2834 Andamus)»
633 2789 991 2834 BRAUNSBERGER‚
1013 2787 1171 2823 Canisii
1187 2786 1399 2834 Epistulae
1417 2791 1454 2823 et
1467 2790 1571 2830 acta,
1587 2794 1613 2824 t.
1635 2797 1664 2835 1,
1677 2800 1767 2836 pag.
1781 2797 1865 2835 414.

304 2850 317 2869 ²
368 2849 632 2884 Memorantur
666 2847 773 2883 heic:
810 2846 1000 2882 Martinus
1036 2845 1318 2882 Stevordianus
1331 2873 1341 2893 ,
1376 2846 1559 2883 Nicolaus
1577 2847 1865 2894 Lotharingiusg

233 2907 404 2951 Joannes
423 2907 589 2954 Dyrsius
607 2907 839 2953 (perperam
857 2905 1051 2952 Tursius),
1070 2905 1392 2952 Aichstettensis,
1412 2906 1643 2942 Lambertus
1658 2906 1778 2952 Auer,
1795 2907 1867 2943 Ca-

234 2966 339 3000 rolus
359 2966 486 3002 Grim.

306 3024 321 3044 ³
371 3025 443 3060 Ms.
458 3025 732 3072 pressissime.
