2060 3432
903 252 927 289 7
954 245 1065 291 JUNn
1093 252 1182 289 1555
1730 241 1798 277 681

225 348 310 406 lpsi
345 348 550 401 iuuenes,
581 361 772 403 quorum
808 346 1002 404 plurimi,
1033 353 1212 403 praeter
1246 345 1531 403 probitatem,
1571 359 1660 402 qua
1686 344 1848 389 imbuti

225 431 346 477 sunt,
372 424 418 467 in
439 423 588 468 latinis
610 431 655 469 et
677 423 854 480 graecis
874 437 965 467 non
981 437 1140 479 parum
1161 423 1465 479 profecerunt.
1491 421 1577 466 His
1598 429 1665 466 tot
1686 421 1847 466 tantis-

226 516 314 558 que
334 500 566 545 beneficiis
588 500 669 544 tibi
691 500 872 556 tuisque
893 499 1105 544 uniuersa
1121 499 1282 543 ciuitas
1299 499 1482 543 astricta
1497 506 1582 552 est,
1602 505 1738 555 atque
1758 513 1846 556 ego

225 578 438 636 polliceor
464 578 589 621 nullo
618 585 819 634 tempore
837 591 1045 634 operam,
1075 576 1292 631 studium,
1322 575 1535 629 officium,
1565 575 1845 632 diligentiam

223 668 369 698 meam
391 654 636 698 commodis
662 653 822 699 uestris
843 654 1117 706 defuturam,
1142 667 1334 710 quorum
1355 652 1564 709 precibus
1586 652 1845 708 sanctisque

223 730 453 775 sacrificiis
474 744 760 787 summopere
781 745 867 774 nos
893 730 1275 776 commendamus.
1308 728 1525 774 Perusiae
1551 735 1716 773 octauo
1742 728 1845 772 idus

214 807 342 865 Junii
364 810 426 852 M.
451 809 510 851 D.
536 809 587 851 L.
615 809 672 851 V.
699 806 778 852 Uti
800 808 953 860 frater,

755 885 803 928 M
810 885 839 927 .¹
864 883 1114 941 Episcopus
1134 882 1402 936 cenetensis,
1426 882 1719 939 vicelegatus.

307 962 565 1017 Inscrz'piio:
586 962 700 1005 Rdo.
727 960 852 1004 Patri
873 963 931 1005 D.
958 960 1135 1017 Ignatio
1165 975 1192 1004 a
1213 960 1398 1017 Loyola,
1422 958 1677 1017 praeposito
1698 973 1842 1017 gene-

219 1037 301 1081 rali
322 1037 560 1083 Societatis
576 1039 704 1096 Jesu,
730 1037 797 1081 uti
829 1036 970 1081 fratri.
997 1039 1182 1082 Romae.

967 1301 1098 1342 969

615 1402 855 1450 JOANNES
880 1403 1140 1440 BAPTISTA
1165 1404 1235 1440 DE
1259 1403 1444 1439 BARMA

566 1500 752 1543 PATRI
804 1500 840 1542 F
843 1500 1154 1544 RANCISCO
1208 1499 1484 1543 BORGIAE

785 1614 945 1656 munem
962 1613 985 1651 7
1002 1615 1107 1649 JUNu
1128 1613 1217 1651 1555
1234 1608 1263 1641 ².

206 1699 350 1736 Itinera
368 1711 390 1735 a
406 1711 449 1736 se
466 1701 644 1737 confecta
662 1700 1101 1737 memorat.-Murciam
1118 1712 1207 1737 cum
1225 1700 1341 1736 sociis
1358 1700 1480 1743 venit,
1501 1705 1541 1736 et
1557 1700 1834 1736 humanissime

276 1760 326 1795 ab
349 1759 532 1807 episcopo
553 1760 938 1808 excipitur.-Hujus
963 1760 1135 1796 studium
1160 1760 1200 1796 in
1224 1760 1476 1804 Societatem,
1503 1760 1566 1807 pia
1591 1759 1768 1795 docilitas
1795 1765 1834 1796 et

277 1818 395 1854 animi
430 1819 921 1866 celsitud0.—Collegium
963 1820 1139 1867 molitur,
1176 1818 1383 1866 magnifice
1418 1819 1833 1855 exstruendum.—De

279 1877 413 1916 sociis.

975 1974 1064 2054 nis.

298 2117 410 2171 Muy
436 2116 551 2159 Rdo.
583 2130 641 2159 en
668 2116 852 2160 Christo
881 2117 1042 2161 Padre.
1075 2118 1171 2160 Pax
1198 2115 1276 2160 X.i
1310 2117 1511 2160 Estando
1531 2131 1590 2160 en
1617 2115 1832 2160 Valencia

206 2191 343 2235 scriui
365 2196 391 2235 a
412 2193 470 2236 V.
496 2194 551 2236 R.
577 2194 705 2250 largo
726 2208 808 2250 por
829 2194 910 2237 dos
932 2194 1122 2250 pliegos,
1146 2209 1176 2250 y
1198 2195 1241 2239 el
1260 2208 1352 2237 vno
1373 2193 1629 2250 duplicado,
1653 2208 1683 2248 y
1703 2198 1831 2236 entre
1903 2202 1907 2205 ·

205 2274 327 2312 otras
348 2282 476 2312 cosas
497 2269 625 2314 dezia
646 2270 690 2313 lo
712 2284 800 2326 que
821 2285 871 2314 se
891 2272 1027 2315 hauia
1047 2271 1194 2315 hecho
1216 2285 1274 2315 en
1295 2271 1337 2314 el
1358 2270 1554 2315 recaudo
1571 2283 1660 2325 que
1679 2284 1730 2313 se
1750 2283 1830 2325 pe-

277 2401 288 2422 ¹
338 2398 413 2434 Hic
437 2399 511 2445 vir,
535 2399 583 2435 de
606 2412 683 2447 quo
707 2411 834 2436 sermo
857 2400 961 2436 haud
986 2401 1107 2436 semel
1133 2405 1194 2436 est
1219 2400 1260 2436 in
1285 2401 1503 2446 POLANCQ
1523 2405 1556 2436 t.
1585 2408 1626 2444 V,
1651 2410 1740 2446 pag.
1767 2398 1828 2444 43,

204 2470 242 2494 n.
258 2458 322 2504 82,
341 2463 472 2494 annot.
491 2457 526 2503 33
546 2470 640 2506 pag.
662 2459 723 2504 61,
743 2472 782 2495 n.
805 2458 885 2506 130,
910 2465 1041 2495 annot.
1066 2458 1102 2504 33
1127 2471 1217 2507 pag.
1235 2459 1281 2505 67
1300 2464 1340 2495 et
1357 2471 1482 2507 seqq.‚
1508 2470 1530 2494 a
1547 2471 1586 2494 n.
1616 2466 1696 2503 151,
1721 2457 1829 2493 hisce

202 2517 333 2552 verbis
350 2517 528 2553 laudatur
544 2530 567 2553 a
583 2517 804 2565 CIACONIO,
832 2519 943 2554 Vitae
961 2521 998 2554 et
1015 2521 1131 2566 gesta
1149 2519 1410 2555 Summorum
1429 2518 1688 2566 Pontificum,
1706 2518 1771 2553 lib.
1787 2526 1828 2562 11,

203 2587 292 2624 pag.
316 2575 419 2622 1230,
438 2589 476 2612 n.
496 2586 567 2613 xx:
588 2577 775 2614 «Michael
793 2590 815 2614 a
831 2579 954 2614 Turre
972 2578 1188 2624 Vtinensis,
1207 2578 1372 2615 Comitis
1391 2577 1544 2624 Aloysii
1561 2582 1601 2613 et
1623 2576 1828 2612 Thadaeae

202 2634 423 2670 Strasoldae
440 2634 557 2680 filius,
577 2636 778 2684 vtriusque
795 2635 909 2682 Sign.
932 2636 1063 2672 Refer:
1084 2642 1296 2684 perpetuus
1316 2637 1571 2683 Episcopatus
1595 2635 1828 2672 Cenetensis

198 2692 502 2739 administrator,
521 2693 634 2730 Sedis
658 2695 797 2742 Apost.
815 2707 838 2730 a
855 2695 976 2731 Paulo
999 2694 1021 2730 3
1048 2695 1088 2731 in
1113 2695 1281 2732 Galliam
1307 2695 1483 2731 Nuncius
1509 2695 1558 2730 ad
1574 2693 1788 2730 Henricum
1807 2702 1828 2729 2

199 2752 349 2798 Regem
372 2752 527 2799 missus,
546 2753 675 2801 indeq.
701 2753 742 2789 in
763 2753 910 2789 Vrbem
933 2765 1130 2802 reuersus,
1155 2754 1340 2790 Vmbriae
1364 2753 1599 2801 praefectus,
1624 2758 1740 2800 atque
1758 2751 1828 2788 ite-

199 2822 285 2846 rum
309 2822 330 2846 a
359 2811 428 2846 Pio
452 2811 499 2846 V.
523 2811 572 2847 ad
595 2811 778 2848 Carolum
807 2824 842 2859 9.
873 2824 942 2860 pro
968 2813 1207 2861 extirpandis
1236 2813 1464 2849 haeresibus
1492 2813 1677 2858 LegatuS,
1708 2823 1827 2858 quum

197 2868 458 2916 integerrimis
476 2871 662 2916 moribus,
680 2871 854 2908 ciuilium
871 2884 1000 2908 rerum
1018 2884 1106 2919 vsu,
1130 2878 1171 2909 et
1187 2873 1363 2911 doctrina
1386 2873 1654 2920 praecelleret,
1679 2882 1827 2907 sacram

197 2940 405 2976 purpuram
422 2931 563 2966 absens
580 2930 681 2966 inter
698 2931 834 2967 Presb.
854 2931 971 2967 Card.
996 2938 1260 2980 consequutus
1278 2938 1339 2969 est
1357 2930 1495 2979 [1583].
1517 2929 1595 2977 Qui
1613 2930 1712 2977 obijt
1726 2941 1828 2966 anno

202 2988 304 3033 1586.
324 2994 364 3024 et
380 2989 420 3024 in
437 2990 545 3025 Eecl.
570 2989 784 3026 Cenetensi
802 2991 979 3038 sepultus
998 2991 1136 3028 iacet».

267 3050 282 3070 ²
331 3049 390 3084 Ex
407 3049 628 3096 apographo
646 3048 686 3085 in
705 3050 782 3085 vol.
801 3050 846 3097 F,
861 3050 976 3086 unico
993 3050 1099 3093 folio,
1120 3063 1162 3087 n.
1175 3058 1248 3098 75,
1266 3052 1373 3099 prius
1394 3049 1479 3096 403.
