2060 3432
350 240 420 286 786
834 241 1073 279 EPISTOLAE
1099 242 1384 278 MleAE—1o1
1394 251 1408 278 1

304 341 476 386 minum
498 348 703 386 nostrum
725 342 984 400 pontificem
1012 343 1180 386 habere
1202 343 1566 399 jurisdictionem
1593 352 1640 389 et
1666 353 1938 402 potestatem

303 418 516 463 visitandi
551 419 701 464 omnia
737 419 1008 464 monasteria
1046 419 1220 472 mundi,
1260 428 1305 462 et
1329 420 1423 475 jam
1453 420 1592 465 fuisse
1628 437 1872 468 concesum
1913 439 1939 468 a

303 497 419 542 S.1110
453 504 499 540 et
519 496 671 541 literas
695 498 789 542 fore
811 496 1061 553 expeditas.
1095 496 1279 541 Interim
1301 497 1492 554 ipsemet
1519 500 1604 544 hec
1633 499 1782 544 dictus
1811 515 1938 544 com-

299 573 546 626 missarius,
572 589 652 630 pro
675 581 784 616 tunc
807 576 951 618 Rome
979 573 1193 626 existenS,
1219 575 1303 617 hec
1326 574 1525 628 resciuit,
1550 582 1596 619 et
1617 575 1680 621 ita
1706 577 1803 634 egit
1830 592 1934 621 cum

297 651 458 695 eodem
476 666 654 694 summo
677 650 907 707 pontifice,
932 657 982 693 vt
1004 650 1154 693 omnia
1175 658 1502 695 reuocarentur
1523 658 1570 695 et
1591 654 1933 699 annullarentur

296 728 382 772 hec
410 727 517 770 hinc
545 727 696 770 latius.
728 728 871 784 Spero
899 729 952 771 P.
987 728 1044 771 V.
1071 727 1165 783 jam
1195 742 1352 771 omnes
1383 727 1482 772 illas
1504 729 1657 773 literas
1685 731 1928 787 accepisse.

295 803 382 848 His
405 806 552 848 valeat
574 805 620 847 in
641 804 839 849 Domino
855 807 966 863 Jesu
990 806 1043 848 P.
1069 806 1147 858 V.‚
1168 812 1214 849 et
1230 820 1313 848 nos
1331 805 1424 849 suis
1443 806 1721 850 orationibus
1739 808 1932 852 sanctis-

295 895 385 937 que
415 881 639 925 sacrifitiis
677 883 1014 925 commendatos
1049 883 1217 926 habere
1253 881 1483 939 dignetur.
1526 883 1706 941 Raptim
1739 884 1930 928 Louanii

295 970 322 1012 7
344 958 547 1015 Augusti
569 974 688 1003 anno
717 970 842 1014 1555.
869 961 923 1003 R.
950 961 1007 1003 V.
1034 973 1195 1002 seruus
1217 959 1264 1002 in
1285 959 1498 1013 Domino,

798 1037 1055 1080 ADRIANUS
1088 1037 1301 1080 ADRIANI
1334 1037 1391 1080 ab
1420 1036 1689 1094 Antuerpia.

383 1113 599 1157 Chartam
645 1115 697 1156 Ρ.
745 1112 963 1156 Polanchi
1001 1113 1058 1157 de
1094 1112 1386 1158 multitudine
1423 1115 1611 1158 Patrum
1649 1129 1701 1158 ac
1739 1116 1929 1160 fratrum

294 1191 437 1235 Rome
465 1188 755 1234 existentium
778 1197 823 1234 et
853 1191 911 1235 de
934 1205 1083 1235 rerum
1116 1189 1318 1233 omnium
1341 1190 1548 1244 carestia,
1582 1191 1688 1236 item
1712 1193 1770 1237 de
1792 1194 1928 1238 Patre

291 1268 529 1312 Leonardo
564 1268 598 1320 ¹,
624 1268 746 1322 quod
775 1267 873 1311 eius
899 1267 1051 1311 literas
1079 1283 1171 1311 non
1202 1267 1466 1324 acceperitis
1495 1269 1628 1325 (quas
1657 1276 1807 1314 tamen
1839 1285 1928 1328 ego

294 1359 398 1388 cum
421 1344 534 1389 meis
557 1344 750 1389 subinde
771 1344 889 1399 misi,
915 1345 1011 1398 sed,
1036 1351 1085 1387 vt
1107 1344 1282 1401 scripsi,
1301 1359 1386 1388 nec
1408 1345 1506 1388 illas
1528 1360 1651 1390 meas
1669 1347 1923 1404 accepistis,

290 1421 391 1464 misi
420 1428 571 1466 tamen
598 1436 700 1465 cum
730 1421 963 1465 veredario
985 1421 1204 1478 publico),
1234 1422 1352 1465 hanc
1389 1423 1592 1466 chartam
1615 1424 1840 1467 transmisi
1869 1426 1926 1468 ad

291 1499 344 1541 P.
371 1500 673 1551 Leonardum,
699 1506 838 1554 vtque
859 1500 915 1542 de
940 1501 1075 1543 Petro
1108 1498 1297 1542 Adriani
1326 1498 1492 1542 scribat
1519 1514 1803 1557 responsum.
1830 1503 1926 1546 Ac—

291 1575 390 1631 cepi
412 1575 547 1620 etiam
569 1590 836 1632 responsum
861 1578 913 1619 Ρ.
942 1575 1162 1619 Polanchi
1185 1576 1241 1619 ad
1258 1576 1400 1619 multa
1417 1576 1555 1620 dubia
1571 1591 1660 1634 que
1676 1593 1926 1635 proposue-

290 1668 385 1696 ram
408 1653 662 1698 reuerentie
683 1668 778 1697 sue.
802 1653 1026 1697 Dominus
1048 1653 1107 1696 sit
1127 1668 1301 1698 merces
1323 1652 1436 1697 eius.

1039 1837 1140 1877 ΙθΙ
1149 1838 1176 1877 Ι

778 1927 1119 1964 LAURENTIUS
1146 1926 1435 1963 CAVALIERI

601 2013 812 2056 PATRI
850 2012 1149 2056 IGNATIO
1188 2011 1277 2054 DE
1315 2011 1607 2055 LOYOLA
1649 2032 1653 2036 ·

813 2115 967 2143 TIBURE
989 2115 1032 2142 10
1049 2114 1233 2142 Aucusn
1254 2113 1343 2150 1555
1362 2105 1389 2141 ².

286 2193 544 2238 Exspectatae
571 2203 624 2227 ex
655 2191 751 2226 urbe
780 2190 935 2225 litterae
965 2189 1088 2225 Tibur
1111 2188 1563 2236 pervenerunt.—Licet
1593 2201 1661 2236 per
1691 2190 1922 2226 tiburtinum

357 2252 575 2297 praesulem
594 2249 711 2285 aedes
729 2249 835 2284 Stae.
856 2248 1000 2284 Mariae
1017 2248 1079 2284 del
1098 2249 1219 2283 Passo
1233 2247 1400 2293 collegio
1414 2253 1545 2283 nostro
1563 2247 1922 2285 attribui.—Cardi-

356 2310 454 2346 nalis
472 2309 731 2358 ferrariensis,
749 2308 992 2356 antiquitatis
1016 2313 1177 2353 amator,
1203 2308 1422 2343 columnam
1447 2307 1653 2354 lapideam,
1678 2308 1777 2344 infra
1801 2310 1922 2344 altare

356 2375 563 2417 repertam,
583 2369 726 2405 nostris
744 2380 820 2404 non
838 2368 1116 2414 abnuentibus,
1135 2367 1210 2403 sibi
1226 2366 1410 2404 vindicat.

1059 2451 1149 2530 Itis.
1170 2528 1171 2533 ,

374 2586 470 2627 Pax
494 2584 579 2628 X.i
598 2617 608 2637 ,
639 2590 725 2627 etc.
753 2583 894 2627 Molto
917 2583 1031 2627 Rdo.
1057 2582 1103 2625 in
1126 2582 1212 2626 X.⁰
1237 2582 1383 2626 Padre
1405 2581 1511 2625 mio.
1543 2580 1768 2625 Habiamo
1790 2594 1918 2624 rece-

284 2667 394 2704 uute
416 2661 565 2716 quelle
586 2661 643 2704 de
665 2662 722 2705 V.
750 2662 803 2704 R.
829 2660 875 2703 di
898 2672 923 2714 7
946 2661 1019 2705 del
1043 2666 1266 2715 presente,
1288 2666 1334 2703 et
1355 2658 1543 2702 insieme
1567 2658 1671 2714 quel
1694 2659 1918 2701 zuccharo

284 2745 434 2782 rosato
463 2744 508 2782 et
535 2738 760 2794 semplice,
793 2745 838 2781 et
865 2738 906 2782 la
936 2737 1138 2781 candela.
1171 2735 1494 2792 Rengratiamo
1526 2735 1665 2778 molto
1688 2735 1744 2779 V.
1771 2735 1826 2778 R.
1853 2735 1918 2779 Le

281 2815 442 2860 lettere
464 2818 548 2859 che
571 2830 650 2871 per
678 2815 720 2858 el
741 2814 935 2859 seruitor
965 2814 1037 2857 del
1065 2815 1194 2857 Rmo.
1222 2814 1280 2856 da
1301 2813 1336 2855 F
1339 2826 1489 2855 errara
1522 2827 1548 2855 a
1575 2826 1658 2855 sua
1679 2810 1880 2867 signoria
1901 2812 1916 2833 ⁵

357 2942 367 2961 ¹
418 2938 662 2974 Leonardum
681 2938 821 2973 Kessel
841 2936 1040 2983 intelligit.

353 3001 367 3020 2
417 2999 475 3033 Ex
494 2997 734 3043 autographo
752 2996 791 3031 in
809 2997 891 3032 vol.
916 2997 960 3042 F,
979 2995 1125 3042 duplici
1143 2994 1249 3038 folio,
1267 3006 1305 3029 n.
1326 3001 1361 3038 7,
1382 2993 1488 3040 prius
1505 2991 1565 3038 43.

354 3058 367 3078 ⁵
421 3057 566 3092 Cartas
583 3058 630 3092 de
650 3057 734 3092 San
753 3056 934 3103 Ignacio,
954 3060 986 3091 t.
1012 3064 1053 3102 v,
1072 3065 1160 3101 pag.
1180 3052 1263 3099 396.
