2034 3476
821 281 868 318 29
893 273 1008 319 JUN11
1036 280 1127 318 1554
1675 274 1744 320 243

154 372 276 415 cossi
291 371 768 426 conditionatamente,
793 387 922 417 come
940 380 1066 419 tante
1080 381 1127 418 et
1143 382 1266 419 tante
1290 375 1413 418 uolte
1429 375 1458 417 l’
1478 376 1538 418 ho
1556 375 1788 432 replicat03

153 455 204 492 et
219 463 270 494 se
285 464 379 493 non
396 451 456 493 ho
477 464 608 506 preso
630 451 748 494 mala
763 449 1064 507 intelligentia
1079 452 1136 495 de
1152 452 1196 496 la
1212 452 1362 495 littera
1378 452 1436 495 de
1453 453 1511 496 V.
1533 454 1587 496 R.
1599 487 1608 505 ,
1630 460 1792 508 questo

153 527 294 570 credo
316 526 382 569 sia
397 527 439 569 el
461 542 634 583 parere,
667 528 784 571 cossi
817 528 892 573 del
924 530 976 571 P.
1001 530 1093 573 M.⁰
1128 530 1393 584 Possancho,
1429 544 1558 573 come
1589 531 1792 574 anchora

153 617 262 656 suo,
282 605 448 660 perche
465 604 803 661 giudicandono
825 604 1119 662 ragioneuole
1140 606 1184 650 le
1205 620 1358 659 cause,
1379 621 1460 663 per
1475 607 1519 651 le
1536 606 1658 662 quali
1675 608 1790 650 hab-

153 674 273 719 bida
289 675 502 728 differire,
527 691 607 732 per
630 683 791 731 questo
813 691 894 733 par
916 678 1002 719 che
1024 678 1222 721 succeda
1238 678 1380 722 deuer
1407 681 1689 734 perseuerar’
1718 679 1792 722 nel

151 752 341 810 pristino
358 752 604 809 proposito,
630 753 735 808 qual
757 752 935 809 piacqui
963 754 1006 797 al
1027 753 1195 810 Signor
1223 755 1573 810 perfettamente
1594 755 1624 796 l’
1650 754 1790 797 habbi

150 831 199 873 d’
218 829 428 887 eseguire
446 830 521 874 nel
536 831 672 873 modo
688 837 734 875 et
748 829 976 886 temposia
991 830 1166 887 magior
1182 830 1326 887 gloria
1342 831 1416 876 del
1432 845 1516 874 suo
1535 831 1792 875 santissimo

152 922 303 960 nome,
324 914 369 951 et
385 908 502 950 cossi
524 906 836 963 spetialmente
857 907 902 950 10
922 921 1065 964 prego
1087 923 1146 952 ne
1168 907 1282 951 sacci
1303 923 1383 964 per
1404 915 1567 963 questo
1590 908 1791 964 particu—

151 985 373 1027 larmente
400 983 620 1036 oratione,
645 991 691 1027 et
712 983 830 1027 cossi
854 983 887 1026 il
908 985 960 1027 P.
988 983 1078 1028 M.⁰
1102 985 1368 1037 Pollancho,
1400 985 1443 1028 al
1470 985 1603 1040 quale
1631 992 1793 1040 questa

152 1062 255 1104 sara
277 1075 471 1105 comune
494 1060 540 1102 in
561 1068 723 1116 questo
748 1062 778 1104 ¹.

245 1139 433 1193 Quanto
443 1138 486 1181 al
500 1137 591 1180 mio
607 1139 850 1191 dottorato,
870 1153 961 1181 non
979 1138 1082 1181 mie
1106 1138 1217 1182 satta
1233 1137 1464 1192 instantia,
1491 1139 1613 1181 staro
1636 1146 1793 1194 parato

152 1229 242 1258 con
268 1213 532 1274 decla[ra]rli
561 1215 619 1259 de
647 1229 805 1258 nuouo
833 1216 949 1259 bene
978 1222 1096 1258 tutte
1123 1215 1167 1258 le
1194 1214 1458 1268 conditioni,
1483 1222 1529 1258 et
1549 1215 1580 1258 li
1602 1216 1712 1259 daro
1735 1217 1793 1258 ad

153 1292 391 1336 intendere
413 1306 503 1335 non
526 1291 564 1335 si
589 1291 775 1348 uoglino
796 1291 1034 1348 ingannar'
1060 1292 1105 1334 in
1131 1292 1228 1335 falsi
1251 1291 1455 1348 desegni.
1475 1293 1540 1336 Le
1561 1306 1645 1336 sue
1661 1306 1792 1337 reco-

155 1368 434 1413 mendationi
455 1369 485 1411 l’
510 1370 570 1411 ho
587 1369 753 1413 donate
769 1369 827 1412 ad
843 1368 995 1412 alcuni
1012 1368 1161 1421 amici,
1180 1368 1302 1424 quali
1318 1369 1361 1411 lo
1379 1369 1653 1422 resalutano,
1673 1369 1793 1428 rico:

154 1444 453 1490 mandandosi
474 1461 501 1488 a
522 1447 565 1490 le
586 1459 668 1490 sue
690 1444 763 1502 pie
785 1452 831 1489 et
852 1452 982 1489 sante
1003 1445 1212 1497 orationi,
1237 1453 1283 1488 et
1304 1445 1348 1487 io
1370 1445 1546 1488 insiemi
1567 1460 1654 1489 con
1672 1452 1792 1489 tutto

150 1523 196 1567 el
223 1537 362 1566 cuore
388 1523 434 1566 lo
462 1537 605 1579 prego
633 1524 679 1565 n'
704 1522 841 1566 habbi
870 1522 1030 1578 spetial
1057 1521 1271 1565 memoria
1300 1522 1346 1565 di
1373 1537 1461 1574 me,
1493 1530 1539 1567 et
1568 1522 1792 1579 piacquali

150 1600 294 1643 donar
315 1599 404 1644 mie
426 1599 595 1643 humile
617 1598 1003 1644 recomandationi
1024 1599 1067 1642 al
1094 1600 1153 1643 N.
1179 1600 1233 1642 P.
1260 1600 1349 1642 Μ.ο
1372 1598 1548 1655 Ignatio
1570 1607 1615 1642 et
1637 1614 1663 1642 a
1686 1599 1792 1642 tutti

150 1673 305 1732 quessi
326 1676 372 1719 in
394 1675 480 1720 Χ.ο
503 1676 604 1720 Rdi.
633 1675 767 1720 Padri
789 1683 835 1721 et
852 1675 1031 1729 fratelli,
1051 1690 1078 1718 a
1094 1676 1216 1732 quali
1233 1690 1316 1719 son
1333 1676 1595 1721 desideroso
1612 1690 1792 1732 sempre

148 1754 209 1798 de
228 1753 415 1798 seruire.
442 1755 512 1797 Da
529 1753 693 1810 Napoli
709 1754 751 1796 el
768 1754 813 1800 di
835 1752 942 1796 xxix
963 1753 1020 1797 de
1035 1753 1224 1809 Giugno
1240 1753 1313 1797 del
1331 1753 1448 1809 Liiij.
1468 1754 1528 1796 D.
1549 1754 1607 1797 V.
1629 1754 1683 1796 R.
1706 1752 1792 1796 mi—

153 1830 280 1875 nimo
300 1830 347 1874 in
370 1830 456 1875 X.⁰
474 1830 600 1888 figlio
621 1837 668 1874 et
689 1844 839 1883 seruo,

1040 1908 1307 1951 GERONIMO
1340 1907 1546 1951 VIGNES.
1594 1944 1597 1945 γ

237 1986 273 2029 Il
289 1985 477 2042 strepito
494 1985 552 2029 de
566 1984 599 2027 li
614 1983 752 2028 vicini
768 1985 825 2027 de
841 1985 870 2026 l’
891 1985 1004 2027 altra
1019 1998 1124 2028 casa
1146 1999 1231 2027 son
1248 1983 1386 2039 qetati
1404 1984 1637 2040 alquanto:
1657 1999 1790 2041 spero

147 2065 251 2106 sara
272 2070 392 2106 stato
421 2062 532 2106 utile
559 2077 639 2118 per
665 2061 834 2106 diuersi
862 2061 1064 2117 respetti:
1096 2063 1132 2104 s’
1164 2062 1348 2104 attende
1379 2076 1405 2104 a
1431 2062 1475 2104 13
1505 2062 1675 2105 fabrica
1703 2075 1789 2104 con

149 2139 404 2196 diligentia,
429 2146 475 2183 e‘t
496 2139 554 2183 de
574 2138 605 2181 li
627 2137 759 2182 vacui
782 2152 832 2181 se
853 2153 983 2194 spera
1005 2138 1152 2182 celere
1178 2137 1308 2181 esito.

223 2290 232 2309 ¹
284 2287 511 2333 Negotium,
530 2286 579 2322 de
596 2297 673 2334 quo
689 2286 729 2322 in
747 2291 828 2321 tota
846 2286 1012 2333 epistola
1029 2291 1090 2321 est
1108 2297 1250 2328 sermo,
1267 2287 1381 2333 plane
1396 2285 1630 2332 intelligitur
1644 2298 1693 2321 ex
1711 2286 1786 2331 his,

145 2358 247 2394 quae
270 2347 462 2381 Polancus
486 2345 696 2381 memoriae
722 2345 934 2380 mandavit:
965 2345 1226 2380 «Dominus...
1255 2344 1521 2391 Hieronymus
1543 2345 1709 2391 Vignes,
1738 2346 1787 2380 ab

143 2405 230 2453 ipso
248 2405 330 2441 fere
348 2405 459 2440 initio
477 2404 645 2451 Collegii
663 2404 928 2451 Neapolitani,
953 2405 1038 2439 Deo
1056 2404 1096 2439 in
1121 2403 1320 2440 Societate
1351 2404 1500 2440 servire
1524 2405 1717 2448 voluerat,
1747 2410 1787 2440 et

146 2464 275 2501 eidem
292 2476 335 2500 se
353 2469 435 2500 toto
452 2464 736 2510 resignaverat,
753 2469 847 2499 voto
866 2463 1024 2507 emiss03
1044 2463 1114 2498 sed
1127 2463 1233 2499 Patri
1251 2463 1420 2510 Ignatio,
1441 2463 1554 2510 juxta
1579 2463 1786 2498 consilium

145 2530 380 2570 nostrorum,
398 2524 465 2571 qui
482 2523 646 2570 Neapoli
668 2524 941 2569 versabantur,
960 2523 1088 2558 visum
1107 2528 1168 2558 est
1193 2522 1378 2569 expedire
1398 2522 1537 2569 magis,
1565 2528 1608 2557 ut
1625 2522 1784 2557 domum

146 2588 362 2630 paternam,
375 2594 464 2619 cum
483 2588 646 2630 uterque
664 2594 804 2629 parens
823 2582 938 2618 valde
956 2582 1153 2617 senuisset
1171 2587 1210 2618 et
1228 2582 1263 2628 ej
1271 2594 1314 2617 us
1333 2594 1450 2629 opera
1468 2581 1679 2627 indigeret,
1699 2592 1785 2616 sus-

144 2647 330 2689 tentaret,
349 2647 388 2678 et
411 2642 567 2678 interim
590 2647 747 2689 paratus
772 2646 893 2687 esset,
917 2641 1242 2689 quandocumque
1266 2653 1288 2676 a
1315 2642 1513 2677 Societate
1539 2646 1784 2686 evocaretur,

144 2700 274 2737 omnia
290 2700 524 2749 relinquere.
546 2701 677 2748 Atque
696 2701 750 2736 ita
767 2701 954 2748 plurimos
972 2711 1094 2736 annos
1114 2700 1279 2747 Neapoli
1303 2701 1386 2747 egit
1404 2712 1449 2735 ac
1475 2699 1683 2746 perutilem
1716 2710 1785 2734 no-

145 2759 237 2795 stris
266 2771 422 2806 operam
452 2759 654 2800 navavit.»
686 2759 910 2804 ΡοιΑΝοο,
946 2764 974 2794 t.
1013 2768 1054 2795 lv
1069 2786 1078 2803 ,
1109 2770 1198 2806 pag.
1235 2759 1297 2794 181
1313 2788 1321 2805 ,
1353 2772 1390 2794 n.
1424 2758 1507 2803 382,
1535 2757 1635 2793 Vide
1667 2757 1783 2803 infra,

151 2818 268 2865 epist.
287 2818 370 2863 840.
