2046 3490
323 309 337 336 1
346 309 390 336 20
809 300 1047 335 Ems'romss
1072 295 1358 342 Mummi—783

271 401 470 445 secondo
498 416 571 446 me
598 402 724 445 dette
750 400 782 443 il
813 401 861 446 S.
889 401 947 444 N.
968 399 1037 443 ad
1064 398 1299 442 intendere
1325 412 1406 455 per
1434 398 1463 440 l’
1497 395 1643 440 utilita
1674 396 1731 439 de
1753 395 1903 451 quella

274 491 395 523 casa.

359 555 394 599 Ι1
430 554 573 612 primo
603 555 668 608 fu,
699 554 901 598 mandar’
931 552 1004 597 via
1040 551 1071 594 li
1099 551 1307 608 suspetti,
1343 557 1389 594 et
1425 550 1636 594 massime
1670 549 1701 592 li
1737 555 1898 605 quatro

270 631 387 688 capi,
413 631 511 675 cioe
532 631 563 674 il
584 630 860 688 predicante,
891 630 936 673 1ο
959 627 1288 680 elemosinario,
1312 642 1374 670 vn
1400 641 1538 683 greco
1559 633 1754 671 maestro
1781 626 1899 670 delle

270 715 415 766 putte,
440 715 486 752 et
506 722 568 750 vn
589 708 703 751 altro
724 705 929 760 vecchio,
961 705 1067 748 tutti
1094 703 1230 747 marsi
1250 703 1297 746 in
1318 703 1509 748 heresia.
1544 703 1579 746 11
1610 705 1689 756 2.⁰,
1715 704 1782 746 far
1803 702 1899 746 dire

271 784 382 841 ogni
403 785 449 827 di
471 799 618 828 messa
638 783 686 826 in
707 784 832 828 detta
854 797 973 825 casa.
1000 782 1033 824 11
1057 783 1134 836 3.⁰,
1161 781 1241 824 far’
1265 782 1351 823 che
1372 779 1595 824 dicessino
1611 779 1779 823 lufficio
1800 779 1901 822 dela

272 861 515 914 Madonna,
552 869 596 905 et
617 859 861 904 hauessino
883 860 925 901 13
956 872 1137 901 corona.
1170 857 1204 900 Il
1227 858 1307 911 4⁰,
1338 858 1424 901 che
1451 856 1489 900 si
1517 855 1744 900 leuassino
1765 856 1901 899 etiam

271 937 344 980 via
366 938 408 982 le
430 938 596 994 donne,
621 943 666 980 et
688 935 898 979 massime
919 934 934 976 i
956 934 1054 990 capi
1076 941 1121 977 et
1151 934 1344 977 alchune
1371 933 1419 976 in
1448 932 1729 990 particolare.
1762 932 1796 975 Ι1
1820 935 1899 987 5.⁰,

272 1015 358 1057 che
378 1028 470 1057 non
493 1013 530 1057 si
547 1013 805 1070 predicasse
827 1026 876 1055 se
893 1026 983 1054 non
1002 1011 1184 1067 quando
1206 1016 1252 1055 et
1268 1010 1343 1054 chi
1364 1009 1566 1067 piacesse
1588 1025 1614 1053 a
1635 1010 1684 1054 S.
1697 1008 1845 1058 ‚Ecc.²
1872 1009 1907 1052 Il

272 1091 352 1143 6.⁰‚
378 1092 462 1134 che
484 1090 615 1133 stessi
637 1090 844 1133 madarna
866 1088 943 1144 pisi
965 1102 1178 1144 appresso
1199 1087 1245 1130 di
1265 1088 1448 1144 palazzo
1464 1101 1544 1144 per
1565 1089 1733 1131 hauere
1748 1086 1827 1142 pisi
1844 1085 1902 1130 ti-

271 1181 395 1210 more
433 1173 478 1211 et
509 1173 722 1222 respetto.
763 1167 796 1208 Il
835 1168 914 1219 7.⁰,
950 1166 1034 1208 che
1071 1164 1302 1221 pareuami
1330 1165 1432 1209 chel
1459 1165 1508 1209 S.
1539 1165 1598 1208 N.
1629 1163 1695 1220 gli
1720 1164 1902 1225 haneua

271 1250 425 1299 aperta
453 1243 494 1285 la
526 1249 655 1298 porta
686 1257 766 1298 per
794 1249 948 1298 potere
977 1242 1058 1285 far’
1090 1242 1239 1297 quello
1268 1243 1352 1284 che
1389 1240 1453 1298 gli
1481 1243 1660 1285 haueua
1697 1241 1824 1285 detto
1853 1239 1898 1283 in

271 1318 555 1363 consciencia
578 1332 727 1363 essere
749 1324 907 1362 tenuto
930 1319 1040 1361 fare.

361 1395 488 1439 Tutti
510 1395 541 1437 li
562 1395 713 1451 puntti
742 1395 961 1451 approuo,
992 1410 1066 1438 ma
1094 1395 1125 1438 il
1147 1395 1209 1438 6.⁰
1238 1409 1330 1438 non
1352 1409 1520 1451 sapeua
1542 1409 1672 1438 come
1695 1394 1795 1446 far’,
1820 1409 1901 1450 per

225 1506 231 1514 .
271 1487 363 1515 non
379 1486 530 1516 essere
547 1472 655 1528 logo
673 1486 699 1514 a
716 1471 947 1528 proposito
964 1486 1043 1528 per
1058 1471 1131 1516 lei.
1155 1473 1308 1515 Furno
1325 1470 1541 1515 licentiati
1557 1470 1588 1513 li
1606 1477 1768 1526 quatro
1782 1470 1898 1527 capi:

268 1563 320 1592 se
342 1547 442 1592 dice
464 1548 507 1590 la
530 1562 676 1592 messa
698 1547 807 1605 ogni
829 1548 888 1602 di,
911 1554 1019 1591 etc.:
1039 1549 1082 1592 le
1104 1549 1254 1592 donne
1275 1548 1381 1605 pian
1402 1547 1535 1604 piano
1556 1547 1595 1590 si
1616 1553 1899 1591 mutaranno.

272 1625 337 1668 La
359 1623 488 1667 zobia
509 1630 638 1668 santa
661 1626 746 1668 che
766 1624 877 1682 hogi
899 1639 972 1669 me
993 1626 1262 1669 commando
1283 1627 1369 1670 che
1390 1624 1571 1668 andassi
1592 1639 1618 1667 a
1644 1623 1904 1668 comunicar

268 1701 312 1745 le
337 1715 419 1744 sue
447 1701 666 1758 figliuole,
703 1708 749 1745 et
780 1701 875 1745 dire
897 1702 940 1745 la
961 1716 1124 1755 messa,
1161 1709 1206 1746 et
1238 1702 1485 1758 predicare,
1511 1707 1557 1745 et
1587 1715 1668 1757 per
1694 1715 1846 1746 essere
1872 1700 1904 1743 il

271 1777 545 1821 monasterio
562 1778 636 1821 del
653 1778 802 1834 Corpo
819 1778 877 1822 de
898 1777 984 1822 Χ.ο
1007 1793 1220 1835 appresso
1243 1778 1273 1821 il
1293 1778 1451 1835 palazo
1467 1779 1524 1821 de
1546 1778 1767 1832 madama,
1793 1785 1839 1822 et
1859 1778 1903 1821 13

267 1854 431 1897 sorella
448 1854 503 1897 de
521 1854 570 1898 S.
592 1853 727 1897 Ecc.¹²
749 1854 796 1898 in
812 1869 914 1899 esso
930 1855 1208 1899 monasterio
1227 1862 1273 1900 et
1290 1855 1427 1900 molte
1443 1856 1571 1909 altre,
1591 1869 1780 1898 numero
1801 1855 1898 1907 180,

269 1930 512 1987 relligiose,
533 1932 744 1975 hauendo
762 1931 897 1979 etiam
918 1932 1017 1975 loro
1039 1932 1297 1984 deuotione,
1324 1932 1372 1975 fu
1394 1931 1692 1977 determinato
1712 1933 1799 1979 che
1819 1946 1901 1975 an-

269 2006 465 2050 dassimo
486 2008 544 2060 13,
570 2014 615 2051 et
637 2007 731 2051 cosi
758 2009 945 2062 fecesse,
969 2016 1017 2054 et
1038 2009 1295 2053 reconciliai
1315 2024 1417 2053 essa
1438 2016 1485 2054 et
1511 2023 1592 2053 sue
1615 2009 1832 2062 donselle,
1857 2015 1904 2053 et

268 2083 370 2127 deci
392 2084 434 2126 la
463 2098 610 2127 messa
640 2085 715 2128 nel
743 2092 978 2142 conspette
999 2085 1044 2129 di
1074 2092 1192 2129 tutte
1225 2087 1268 2131 le
1289 2085 1518 2142 religiose,
1549 2092 1596 2130 et
1627 2085 1766 2130 molte
1793 2085 1905 2129 altre

273 2159 568 2215 gentildonne
589 2162 764 2218 grande
786 2169 832 2206 et
853 2162 990 2206 erano
1011 2162 1091 2215 iui,
1117 2170 1163 2207 et
1183 2163 1226 2206 le
1247 2162 1517 2214 comunicai,
1542 2169 1589 2205 et
1611 2161 1808 2219 predicai
1839 2163 1907 2205 al—

265 2244 445 2290 quanto
467 2237 593 2280 nanti
615 2238 658 2280 13
679 2238 967 2292 comunione;
993 2254 1066 2282 ma
1086 2254 1166 2295 per
1188 2253 1279 2282 non
1301 2238 1517 2283 bastarmi
1538 2238 1570 2282 il
1591 2246 1743 2295 tempo
1765 2253 1791 2282 a
1811 2238 1907 2283 dire

270 2318 390 2355 tutto
423 2314 572 2369 quello
600 2315 702 2359 chel
734 2315 896 2371 spiritu
924 2316 998 2360 del
1020 2315 1192 2373 Signor
1223 2315 1516 2372 minspiraua,
1541 2315 1641 2361 deci
1673 2317 1758 2360 che
1787 2316 1905 2372 dopo

269 2403 435 2444 pranso
459 2390 670 2434 torneria:
696 2390 833 2436 ilssche
858 2392 972 2447 fece,
997 2399 1043 2438 et
1065 2393 1228 2437 voleua
1255 2392 1412 2438 venire
1436 2394 1530 2438 Sua
1551 2391 1701 2445 Ecc.⁸⁴‚
1726 2393 1792 2437 sel
1813 2406 1904 2435 non

267 2465 392 2508 fusse
429 2467 649 2510 accaduto
681 2467 728 2510 in
758 2469 907 2523 quello
944 2468 1143 2514 instante
1179 2484 1242 2512 vn
1262 2476 1387 2515 certo
1424 2469 1659 2526 repentino
1696 2467 1899 2524 negotio:

267 2542 404 2594 vnde,
429 2557 520 2586 non
543 2545 741 2599 potendo
763 2544 933 2598 venire,
960 2546 1124 2589 mando
1141 2546 1172 2589 il
1189 2546 1347 2603 signor
1364 2546 1641 2590 Alessandro
1662 2547 1690 2589 ¹.
1712 2546 1778 2590 La
1799 2560 1903 2602 pre·-

270 2617 373 2660 dica
395 2620 508 2662 duro
531 2620 620 2663 due
642 2622 753 2665 hore
775 2622 1000 2675 almanco,
1020 2637 1197 2679 sempre
1218 2623 1434 2679 parlando
1455 2623 1528 2666 del
1549 2622 1809 2666 santissimo
1830 2637 1904 2665 sa-

275 2702 523 2748 cramento,
550 2696 860 2741 dimostrando
882 2698 924 2743 le
946 2698 1183 2755 prophetie
1205 2698 1251 2742 di
1273 2713 1390 2753 esso,
1415 2699 1458 2743 le
1478 2699 1643 2756 figure,
1669 2699 1699 2741 l’
1723 2698 1907 2742 institu-

278 2769 415 2822 tione,
456 2772 499 2814 la
535 2772 808 2817 descritione
844 2782 889 2818 et
928 2775 1273 2819 confirmatione
1300 2789 1379 2831 per
1407 2775 1438 2818 il
1474 2782 1632 2819 nostro
1657 2775 1826 2832 Signor
1861 2775 1908 2818 in

269 2853 409 2889 santo
421 2849 599 2904 Joanne
614 2850 660 2893 al
676 2850 718 2903 6,
740 2850 782 2893 13
803 2850 948 2895 verita
964 2851 1012 2894 di
1028 2865 1144 2904 essa,
1165 2852 1208 2895 la
1222 2851 1531 2908 predicatione
1546 2866 1626 2909 per
1643 2859 1773 2896 santo
1791 2853 1909 2896 Pau-

339 3030 349 3092 J
402 3029 626 3066 Alexander
659 3031 828 3079 Fiaschi,
854 3033 1016 3069 Herculi
1039 3033 1132 3069 duci
1160 3033 1488 3070 familiarissimus
1513 3040 1555 3071 et
1579 3034 1765 3071 Societati
1794 3034 1908 3071 valde

270 3096 435 3122 amicus.
