2034 3476
803 289 850 326 24
874 281 975 325 Man
1003 288 1095 327 1554
1649 279 1721 317 203

140 388 285 439 tropo,
310 380 356 424 in
377 381 511 424 modo
533 382 617 426 che
638 380 754 425 seria
774 381 1025 438 pericoloso
1048 381 1093 424 d'
1119 381 1266 427 uscire
1287 381 1404 425 fuori
1425 380 1471 425 di
1492 395 1558 434 se,
1577 382 1773 425 essendo

140 464 359 515 suggetto
387 472 414 501 a
441 457 563 511 mille
583 457 792 514 pensieri,
823 465 871 503 et
895 457 962 515 gli
987 472 1096 515 pare
1116 458 1283 505 vedere
1313 457 1436 503 mille
1462 472 1566 502 cose
1587 458 1662 502 nel
1682 471 1770 501 suo

139 535 376 588 intelletto,
406 549 492 592 pur
520 534 626 592 pian
654 534 789 592 piano
813 550 863 581 se
890 542 1091 593 tempera
1118 535 1238 579 circa
1268 535 1355 580 cio:
1386 536 1430 579 al
1455 542 1576 580 resto
1604 536 1630 580 ὲ
1657 535 1762 580 obe—

138 611 292 657 diente
312 611 429 656 assai
451 618 497 655 et
519 611 758 656 laborioso.
784 613 847 657 M.
868 613 1123 657 Francesco
1149 613 1160 634 ¹
1184 613 1211 657 ὲ
1240 619 1360 656 tutto
1382 613 1507 656 datto
1530 612 1572 656 al
1597 611 1768 664 studio,

140 695 187 734 et
207 688 359 733 niente
385 688 557 746 pratico
584 688 630 731 in
659 689 796 734 rebus
826 688 1032 746 agendis:
1063 689 1182 734 onde
1209 689 1345 733 credo
1372 690 1457 733 che
1484 689 1514 731 1’
1539 688 1674 732 uficio
1696 688 1772 732 del

140 766 395 810 collaterale
415 766 447 808 l'
470 765 690 810 adiutara:
727 773 799 809 sta
826 766 963 809 molto
990 766 1064 810 del
1093 781 1177 810 suo
1204 778 1378 823 parere.
1405 767 1468 810 M.
1494 765 1731 810 Ludouico
1752 765 1769 786 ¹

141 842 167 886 e
189 857 277 885 vna
298 857 404 886 cosa
426 843 552 886 freda
572 848 618 887 et
640 842 791 900 tepida
811 842 858 886 in
879 842 988 900 ogni
1017 842 1220 900 negotio,
1251 842 1349 887 cioe
1378 849 1503 886 tanto
1526 843 1599 887 nel
1621 856 1774 886 amae-

141 926 300 974 strare,
325 920 409 964 che
430 919 476 962 in
493 933 599 964 cose
615 920 671 963 de
689 934 808 974 casa;
833 926 879 963 et
900 934 1007 976 pare
1029 919 1106 976 pisi
1127 919 1158 962 11
1179 934 1263 963 suo
1283 920 1489 963 naturale
1509 919 1541 962 il
1562 919 1776 963 sacerdo-

143 994 205 1039 tio
227 997 312 1040 che
333 997 460 1040 altro.
483 998 546 1040 M.
566 997 603 1040 F
604 995 767 1040 abritio
782 996 808 1040 e
827 995 936 1040 alias
957 996 1270 1053 cognosciuto:
1296 997 1322 1040 ἑ
1343 995 1612 1053 megliorato
1629 1010 1775 1051 quan—

143 1072 202 1115 do
222 1087 248 1116 a
268 1071 299 1115 li
322 1072 420 1116 suoi
440 1071 634 1129 pensieri
655 1079 702 1117 et
722 1072 938 1130 scrupuli;
959 1087 1032 1116 ma
1053 1073 1085 1116 il
1106 1087 1190 1117 suo
1210 1074 1328 1117 malo
1349 1072 1538 1117 vecchio
1558 1087 1773 1129 perseue-

143 1163 208 1202 ra,
233 1156 278 1193 et
299 1149 472 1205 pareria
493 1149 524 1192 il
546 1164 630 1193 suo
650 1149 834 1206 proprio
855 1164 1006 1195 essere
1028 1157 1304 1203 sacrestano,
1329 1156 1375 1194 et
1397 1155 1583 1192 trattare
1604 1150 1647 1194 le
1668 1163 1776 1193 cose

143 1225 462 1279 ecclesiastice,
487 1233 533 1270 et
552 1226 658 1283 pian
679 1226 813 1283 piano
835 1226 1072 1283 imparare,
1097 1228 1263 1283 perche
1284 1240 1439 1283 spesso
1460 1225 1491 1268 il
1512 1225 1687 1271 medico
1709 1225 1775 1283 gli

143 1302 406 1360 prohibesse
435 1302 467 1346 il
497 1302 660 1347 studio.
700 1303 872 1347 Lazaro
901 1304 916 1325 ⁸
946 1305 972 1348 e
1000 1305 1198 1347 anchora
1226 1304 1316 1347 mal
1344 1317 1471 1357 sano,
1495 1309 1542 1347 et
1569 1318 1618 1348 se
1643 1309 1777 1360 porta

146 1379 314 1436 meglio
345 1380 506 1424 adesso
535 1381 621 1424 che
642 1380 685 1423 al
705 1386 901 1436 passato,
936 1381 1118 1436 quando
1145 1395 1222 1424 era
1250 1387 1424 1425 tentato
1451 1381 1496 1425 d’
1521 1380 1661 1424 andar
1681 1379 1773 1423 via.

146 1456 371 1500 Parlando
392 1455 439 1499 in
460 1457 687 1513 generale,
714 1457 820 1500 tutti
842 1471 987 1501 sanno
1008 1471 1174 1514 puoco‚
1200 1457 1330 1501 fuora
1345 1458 1403 1503 de
1424 1459 1488 1502 M.
1515 1456 1775 1511 Franciseo,

147 1539 193 1577 et
214 1533 311 1577 cosi
341 1533 384 1576 le
411 1534 534 1578 scole
554 1548 645 1577 non
667 1548 782 1578 sono
810 1541 941 1591 tropo
960 1535 1050 1578 ben
1078 1533 1282 1591 prouiste
1307 1534 1354 1578 di
1384 1533 1582 1578 maestri:
1607 1549 1687 1591 per
1708 1533 1781 1578 cio

148 1610 415 1655 desideraua
436 1613 520 1655 che
542 1612 599 1655 V.
627 1613 679 1655 P.
712 1611 939 1655 mandassi
961 1611 1144 1655 alchuni
1172 1626 1252 1668 per
1278 1611 1478 1668 supplire
1505 1626 1531 1654 a
1559 1610 1723 1668 [questi
1744 1610 1781 1668 ἲ]

146 1687 320 1744 luoghi,
345 1689 612 1733 essendome
631 1687 823 1745 spoliato
844 1688 890 1732 di
911 1688 1016 1734 miei
1038 1703 1118 1745 per
1139 1689 1354 1734 mandare
1371 1702 1461 1744 qua
1481 1694 1526 1734 et
1548 1688 1606 1741 la,
1627 1702 1655 1732 o
1673 1702 1782 1732 vero

145 1765 232 1809 che
252 1764 479 1808 mandassi
501 1764 579 1808 tali
599 1764 806 1822 ingegni,
841 1767 926 1809 che
957 1780 1038 1822 per
1067 1765 1250 1809 alchuni
1272 1764 1384 1810 mesi
1415 1764 1458 1808 io
1478 1764 1651 1821 potessi
1671 1778 1778 1821 pro·

147 1840 352 1895 mouerli,
377 1855 506 1885 come
538 1841 623 1886 feci
645 1842 676 1885 li
698 1842 814 1896 altri,
840 1849 886 1886 et
907 1857 1014 1899 pare
1036 1844 1121 1887 che
1141 1842 1185 1886 la
1207 1843 1261 1886 P.
1287 1843 1346 1886 V.
1366 1842 1485 1887 deue
1506 1840 1584 1898 pisi
1611 1855 1777 1898 proue-

146 1917 227 1961 der
248 1932 352 1974 qua,
378 1920 543 1975 perche
564 1919 635 1963 col
658 1926 808 1976 tempo
829 1919 976 1976 spiero
998 1921 1100 1964 sera
1125 1933 1216 1962 vno
1237 1918 1284 1962 di
1313 1917 1454 1963 buoni
1481 1917 1662 1975 collegij
1691 1919 1779 1963 che

147 1997 247 2040 sera
267 1995 314 2038 in
335 1995 478 2049 Italia,
503 2003 549 2039 et
569 1997 613 2040 al
634 2003 844 2053 presente
866 1998 892 2040 ὲ
913 1997 1052 2040 molto
1074 1997 1191 2040 bene
1212 1994 1546 2047 comminciato,
1573 1994 1720 2052 gratia
1736 1995 1779 2038 al

147 2071 358 2129 Signore,
383 2079 428 2116 et
455 2087 547 2117 non
575 2074 828 2118 manchano
855 2087 998 2117 senon
1021 2072 1232 2129 operarij,
1264 2073 1432 2130 perche
1463 2071 1495 2114 il
1522 2072 1661 2129 luogo
1689 2086 1773 2115 no-

147 2155 244 2192 stro
264 2156 310 2193 et
331 2149 484 2194 chiesa
504 2151 531 2193 e
552 2156 680 2193 tanto
701 2150 1044 2194 accommodato
1065 2151 1152 2194 che
1179 2149 1216 2193 si
1247 2148 1393 2206 potria
1414 2148 1704 2201 demandare,
1730 2153 1775 2192 et

147 2241 254 2282 pare
274 2225 306 2268 il
327 2227 375 2271 S.
402 2228 462 2271 N.
486 2227 518 2269 l'
541 2226 676 2271 habia
695 2226 1018 2284 predestinat03
1044 2240 1070 2270 e
1093 2226 1206 2270 tanti
1225 2240 1503 2270 concorreno
1525 2241 1552 2269 a
1572 2225 1603 2268 li
1624 2238 1774 2269 sacra-

148 2302 304 2356 menti,
329 2305 415 2348 che
436 2318 462 2347 a
484 2304 526 2347 le
546 2303 670 2347 volte
686 2318 777 2347 non
794 2304 820 2347 e
837 2310 988 2360 tempo
1004 2303 1062 2346 da
1079 2303 1327 2359 predicare,
1352 2317 1482 2348 come
1503 2301 1664 2359 hoggi,
1691 2302 1778 2346 che

149 2394 226 2424 era
246 2378 277 2422 il
298 2379 458 2436 giorno
479 2380 537 2423 de
558 2387 690 2424 santo
711 2387 1010 2424 sacramento.

208 2491 210 2493 ,
237 2457 273 2500 11
293 2458 378 2500 che
399 2456 437 2500 si
467 2457 524 2500 da
551 2457 609 2500 ad
635 2456 871 2501 intendere
897 2458 982 2500 che
1012 2455 1044 2498 11
1066 2455 1249 2513 signore
1271 2463 1430 2500 nostro
1451 2457 1494 2514 J.
1521 2456 1579 2499 X.
1605 2468 1655 2498 se
1675 2454 1779 2498 vole

149 2532 227 2589 pisi
248 2534 333 2577 che
354 2533 441 2576 mai
463 2532 634 2578 seruire
661 2534 719 2578 de
746 2533 845 2577 suoi
866 2532 1016 2576 inutili
1044 2532 1333 2577 instrumenti
1360 2532 1589 2577 mediante
1609 2532 1652 2575 le
1674 2544 1777 2573 ora-

151 2609 262 2653 tioni
283 2610 399 2655 della
422 2612 473 2654 P.
501 2611 579 2664 V.,
600 2611 687 2654 alla
706 2610 839 2667 quale
861 2609 967 2653 tutti
989 2609 1030 2653 ci
1052 2609 1430 2653 racomandiamo.
1451 2611 1521 2653 De
1542 2610 1578 2652 F
1580 2621 1730 2652 errara
1751 2620 1779 2649 a

149 2686 180 2728 li
204 2698 261 2740 24
282 2687 339 2732 de
361 2686 547 2744 Maggio
571 2697 642 2742 54.
667 2688 739 2731 De
760 2688 819 2731 V.
848 2689 900 2730 P.
926 2686 1098 2744 figliolo
1120 2686 1195 2731 nel
1217 2687 1266 2731 S.
1291 2688 1350 2731 N.
1368 2688 1412 2745 J.
1438 2687 1518 2739 X.,

264 2752 267 2753 ⁷
983 2764 1234 2808 GIOUANNI
1269 2765 1597 2807 PELLETARIO.

225 2968 236 2988 ¹
286 2964 516 3000 Franciseus
533 2963 681 3011 Scipio.
704 2965 922 3012 POLANCO,
942 2970 971 3001 t.
989 2974 1047 3012 Ν,
1064 2976 1154 3013 pag.
1172 2965 1234 3012 62,
1252 2977 1291 3001 n.
1315 2963 1396 3010 113,
1416 2968 1551 2999 annot.
1575 2969 1611 3006 5.

222 3027 236 3047 2
286 3023 509 3059 Ludovicus
528 3022 778 3069 coloniensis,
796 3023 897 3060 ibid.

223 3083 238 3105 ⁸
287 3082 349 3119 Cf.
369 3082 586 3126 Pommco,
604 3086 633 3117 t.
652 3089 709 3128 lv,
726 3093 815 3128 pag.
834 3081 894 3128 86,
911 3093 951 3118 n.
973 3089 1053 3127 157.
