2034 3476
828 232 873 281 2'5
900 236 1012 281 Jmm
1042 243 1132 280 1554
1678 234 1748 281 237

915 458 1042 499 829

639 562 888 599 ANDREAS
914 560 1309 599 GALVANELLUS

531 649 718 692 PATRI
749 646 1012 691 IGNATIO
1043 647 1128 690 DE
1158 646 1419 690 LOYOLA

675 750 898 779 monnssmo
922 749 967 786 25
992 749 1099 784 Jmm
1125 747 1218 786 1554
1246 743 1271 776 ¹.

156 827 341 864 Nicolaus
370 828 512 874 Ubert,
541 825 840 872 morbeniensis,
870 823 978 860 curio
1006 835 1029 859 a
1057 823 1288 860 concivibus
1318 823 1400 859 suis
1429 823 1796 872 eligitur.—Popul·

225 892 352 923 status
369 899 414 923 ae
439 886 813 934 dispositio.—Mala
834 883 1119 920 haereticorum
1143 882 1343 919 hominum
1369 884 1549 931 exempla
1575 889 1615 920 et
1642 884 1793 931 praedii

226 946 328 982 catio
336 973 346 982 .

963 1020 993 1080 ,Γ

247 1120 313 1163 La
333 1118 480 1176 gratia
500 1125 546 1163 et
566 1132 678 1174 pace
697 1117 772 1162 del
792 1123 948 1160 nostro
969 1115 1126 1173 signor
1140 1117 1252 1174 Jesu
1273 1117 1360 1159 X.⁰
1381 1131 1557 1173 sempre
1584 1116 1677 1160 scia
1704 1132 1792 1161 con

159 1196 254 1239 nui.
280 1197 446 1240 Amen.
472 1197 561 1239 Per
580 1195 711 1238 laltra
732 1201 887 1238 nostra
907 1195 923 1215 ²
945 1194 989 1237 la
1010 1195 1065 1237 R.
1090 1195 1148 1238 V.
1173 1195 1232 1237 ha
1253 1193 1366 1238 itese
1387 1208 1515 1238 come
1532 1194 1596 1251 gli
1617 1195 1791 1238 homini

159 1274 362 1318 elessene
379 1287 470 1316 uno
486 1279 643 1316 curato
659 1272 776 1315 della
793 1279 928 1324 terra,
942 1278 987 1316 et
1004 1271 1154 1327 quello
1172 1271 1351 1324 uoleno,
1370 1286 1397 1314 o
1413 1271 1506 1315 scia
1522 1273 1792 1317 confirmato

159 1350 264 1394 dalli
284 1349 456 1407 signori
477 1349 694 1393 cardinali
715 1350 731 1370 ³
753 1363 781 1391 o
808 1363 900 1391 non
927 1347 1021 1391 scia
1048 1348 1330 1400 confirmato,
1351 1348 1514 1392 dicano
1536 1350 1621 1394 che
1637 1351 1792 1394 hanno

156 1427 221 1485 gli
242 1427 342 1471 suoi
363 1426 550 1484 signori,
576 1428 661 1469 che
682 1440 827 1470 sonno
848 1424 1064 1469 cardinali
1085 1432 1131 1468 et
1152 1424 1358 1481 pontifici
1374 1425 1420 1468 in
1437 1426 1501 1482 gli
1523 1427 1623 1470 suoi
1644 1427 1787 1484 paesi;

156 1503 332 1550 dicano:
346 1504 518 1548 faremo
534 1503 565 1546 il
581 1502 735 1547 debito
751 1509 910 1546 nostro
924 1517 951 1545 a
963 1502 1272 1545 domandarla.
1291 1502 1353 1547 Se
1366 1503 1409 1545 13
1425 1504 1788 1558 concederanno,

154 1581 198 1624 la
214 1587 426 1633 torrem03
446 1595 496 1625 se
511 1582 710 1623 anchora
728 1580 916 1623 faranno
932 1578 964 1622 11
980 1578 1222 1631 contrario,
1237 1578 1423 1623 uideant
1440 1579 1541 1636 ipsi.
1562 1580 1639 1624 Gli
1655 1583 1791 1626 here-

155 1657 232 1701 tici
250 1671 428 1702 ueneno
443 1657 491 1700 in
506 1658 550 1700 la
566 1663 701 1709 terra,
714 1671 844 1700 corne
854 1655 1057 1709 intendo,
1072 1662 1118 1700 et
1133 1655 1349 1699 derideno
1358 1655 1422 1713 gli
1438 1657 1611 1700 homini
1627 1658 1786 1713 nostri,

156 1736 241 1778 che
262 1736 414 1778 hanno
435 1741 565 1791 posto
586 1748 667 1791 per
688 1733 745 1777 tri
761 1733 868 1776 anni
884 1734 928 1776 la
943 1747 1027 1776 sua
1043 1746 1261 1789 speranza
1277 1732 1324 1776 in
1341 1733 1574 1787 cardinali,
1595 1743 1641 1779 et
1657 1750 1790 1793 spese

155 1811 285 1855 molti
306 1811 468 1864 dinari,
487 1818 532 1855 et
548 1810 743 1856 maxime
758 1810 806 1854 in
822 1795 1041 1855 reuocare*
1053 1810 1096 1853 la
1111 1810 1232 1853 bolla
1247 1810 1322 1855 del
1338 1811 1473 1864 Rd0.,
1494 1819 1540 1856 et
1557 1814 1651 1857 fare
1673 1830 1787 1872 que-

154 1889 213 1933 lle
235 1888 377 1946 giesie
398 1888 707 1946 iuspatronato
729 1895 775 1932 et
796 1887 943 1944 dargli
965 1886 1188 1938 auctorita
1207 1888 1264 1931 de
1285 1897 1441 1944 potere
1469 1889 1666 1947 ellegere
1694 1908 1789 1938 uno

155 1968 240 2012 che
260 1965 325 2023 gli
347 1979 497 2023 parea,
522 1972 567 2009 et
588 1965 695 2022 puoi
716 1965 951 2009 reuocarlo
966 1979 1103 2008 senza
1118 1965 1394 2010 domandare
1411 1966 1454 2009 13
1469 1974 1610 2022 parte.
1635 1969 1787 2025 Quelli

151 2043 287 2100 pochi
307 2042 527 2100 spirituali
549 2051 712 2086 stanno
734 2041 840 2085 tutti
861 2041 1134 2094 admiratiui‚
1165 2043 1398 2098 pensando
1421 2057 1447 2086 a
1474 2051 1635 2099 questa
1661 2061 1782 2101 cosa,

151 2136 226 2164 ma
247 2120 311 2178 gli
333 2120 435 2164 altri
460 2135 519 2164 ne
542 2134 693 2164 uanno
720 2120 948 2163 cantando
978 2134 1058 2175 per
1084 2119 1136 2162 13,
1158 2125 1291 2162 terra.
1319 2121 1520 2164 Tenemo
1548 2129 1673 2166 certo
1700 2125 1787 2168 che

152 2199 401 2242 douentara
420 2197 621 2242 heretica
641 2196 800 2253 prima,
820 2195 926 2251 quia
941 2202 1178 2252 peccatum
1196 2195 1334 2239 trahit
1350 2197 1407 2240 ad
1430 2196 1568 2251 aliud,
1593 2200 1699 2255 puoi
1720 2201 1787 2258 gli

154 2275 286 2332 signo
302 2275 402 2319 suoi
417 2289 510 2318 non
527 2288 720 2318 cercano
736 2273 866 2317 altro.
888 2274 946 2316 Et
962 2274 1114 2315 hanno
1131 2272 1245 2316 tanti
1266 2273 1455 2317 heretici
1477 2274 1521 2317 in
1540 2289 1631 2319 una
1648 2283 1782 2331 terra,

154 2352 426 2395 domandata
446 2352 613 2404 Cuore,
638 2351 724 2395 che
745 2365 837 2394 non
859 2349 923 2406 gli
945 2363 1131 2406 puonno
1152 2355 1287 2392 stare:
1314 2351 1478 2395 uoleno
1501 2353 1586 2397 che
1610 2355 1786 2397 uadeno

155 2429 241 2473 alle
261 2429 374 2472 altre
395 2436 524 2473 terre.
549 2429 607 2471 Et
633 2433 795 2484 questo
815 2428 841 2471 e
862 2428 1029 2484 perche
1050 2441 1196 2470 sonno
1223 2427 1358 2484 fugiti
1385 2429 1429 2470 d'
1453 2429 1707 2486 Ingliterra3
1739 2438 1787 2475 et

156 2506 223 2549 fra
245 2506 308 2563 gli
325 2506 424 2550 altri
441 2506 504 2562 gli
521 2507 547 2549 6
563 2505 595 2548 11
610 2506 745 2549 beato
762 2505 829 2548 sta
846 2503 1124 2548 Bernardino
1141 2504 1361 2560 capucino
1382 2505 1416 2558 ⁴,
1436 2507 1521 2550 che
1542 2508 1783 2563 predicaua

133 2572 154 2597 0

227 2642 237 2662 ¹
287 2641 347 2675 Ex
365 2640 603 2686 autographo
621 2637 661 2674 in
678 2639 754 2674 vol.
774 2638 820 2680 E,
838 2637 984 2685 duplici
1001 2636 1108 2684 folio,
1126 2649 1168 2673 11.
1197 2645 1277 2683 122,
1296 2637 1403 2685 prius
1422 2639 1508 2684 276.

223 2701 238 2723 ²
286 2699 387 2735 Vide
405 2699 523 2746 epist.
549 2707 619 2744 750
636 2704 677 2734 et
693 2707 779 2744 755.

220 2761 234 2781 ³
282 2759 478 2795 Parochus
495 2758 690 2803 nimirum,
710 2759 795 2794 sive
817 2758 940 2804 curio,
964 2769 1080 2805 quem
1106 2759 1307 2804 elegerant
1332 2758 1639 2804 mmbenienses,
1660 2771 1681 2794 a
1699 2771 1784 2795 car-

147 2819 341 2857 dinalibus
358 2818 589 2866 praepositis
605 2818 698 2854 fidei
715 2818 883 2854 tuendae
900 2817 1187 2853 confirmandus
1215 2823 1312 2853 erat.
1339 2817 1402 2853 Cf.
1430 2818 1544 2864 epist.
1570 2826 1653 2863 717,
1674 2824 1702 2854 t.
1722 2828 1780 2865 111,

148 2891 240 2928 pag.
275 2877 363 2914 633.
397 2879 610 2923 Elegerunt
643 2882 774 2913 autem
807 2878 956 2913 Dnum.
994 2877 1198 2912 Nicolaum
1230 2878 1369 2913 Ubert.
1408 2877 1629 2921 POLANCO‚
1662 2883 1689 2912 t.
1721 2888 1779 2924 1v,

150 2950 239 2987 pag.
262 2937 343 2983 138,
362 2949 401 2972 n.
422 2937 506 2982 276,
520 2941 657 2971 annot.
679 2935 716 2971 3.

222 3000 238 3020 ⁴
287 2995 547 3033 Bernardinus
565 2994 755 3040 Ochinus‚
780 2995 829 3031 de
851 3007 928 3042 quo
951 2996 1195 3040 POLANCUS,
1222 3001 1250 3031 t.
1276 3005 1332 3041 ιν,
1357 3007 1445 3042 pag.
1469 2994 1549 3041 138,
1572 3007 1614 3032 n.
1645 3004 1714 3043 275
1739 3003 1782 3033 et

154 3069 242 3106 pag.
263 3065 346 3101 211,
364 3068 406 3092 n.
430 3055 513 3110 467.
