2060 3450
852 248 876 286 3
900 250 1102 297 JANUAml
1129 258 1219 296 1555
1722 259 1792 295 505

197 351 328 409 vogli
349 351 608 409 adoperarsi
630 353 716 397 che
737 366 821 396 sua
842 351 1107 396 eccellentia
1127 351 1193 395 sia
1214 358 1446 406 contenta,
1466 366 1598 395 como
1616 351 1838 408 speriamo

201 431 286 473 che
308 430 351 473 la
374 430 469 472 fara
488 414 733 473 voluntieri
754 443 835 485 per
855 427 1164 473 stabilimento
1181 429 1255 473 del
1271 443 1425 485 opera,
1445 443 1471 472 e
1487 443 1568 485 per
1584 428 1838 485 compiacer

194 506 243 550 13
262 505 464 563 signoria
484 506 645 558 Illma.,
670 505 716 548 in
739 520 871 549 nome
892 506 1010 550 della
1032 506 1165 562 quale
1186 506 1230 549 la
1250 505 1546 562 ringratiamo
1569 505 1626 548 de
1648 504 1836 549 hauerci

196 581 489 639 compiaciuti
509 582 567 626 de
588 582 695 625 boni
713 581 901 639 operarij
920 583 977 626 de
994 589 1149 626 nostro
1165 582 1322 639 signor
1340 581 1442 634 Dio,
1463 597 1489 625 6
1503 581 1739 639 pregiamo
1754 596 1838 625 sua

202 661 372 703 maesta
394 661 480 703 che
501 659 567 703 sia
589 659 759 704 seruita
779 660 838 704 de
859 674 1133 703 conseruare
1155 661 1213 703 V.
1235 661 1290 702 R.
1312 660 1396 704 ela
1413 658 1696 716 Compagnia
1719 661 1745 702 ¹.
1765 661 1837 702 Da

196 736 361 780 GenOa
382 736 456 780 alli
480 749 504 791 3
526 721 572 779 di
594 737 779 780 Genaro
801 737 857 780 de
885 746 1011 791 1555.
1037 737 1095 780 D.
1122 738 1180 780 V.
1201 737 1342 781 Illma.
1369 736 1507 790 Sria.,

143 793 159 807 γ
288 812 554 870 Augustino
571 812 824 858 Lomellino
841 839 900 845 —
921 828 996 867 -;
1021 814 1258 870 Augusto?
1279 839 1339 845 —
1358 828 1432 867 —3
1453 814 1489 856 F
1492 826 1707 857 rancesco
1724 813 1835 856 Cat-

194 896 334 934 taneo
355 892 496 944 Baua3
511 890 671 934 Nicolo
690 890 831 944 Sauli;
846 892 1046 948 Jacobus
1064 890 1386 945 Vilamarinus,
1401 889 1625 942 notarius,
1643 896 1688 934 et
1702 904 1834 947 prae—

195 967 393 1010 fatorum
414 967 701 1011 dominorum
718 969 1039 1024 deputatorum
1055 974 1101 1011 et
1118 967 1405 1024 prouisorum
1422 966 1720 1012 cancellarius
1736 968 1750 988 ²
1761 1002 1770 1011 .

287 1045 547 1100 Inscripiio:
568 1044 598 1102 †
621 1045 681 1088 Al
702 1045 844 1088 molto
866 1046 980 1088 Rdo.
1007 1044 1055 1088 in
1070 1044 1254 1088 Christo
1274 1046 1437 1098 Padre,
1458 1044 1489 1087 il
1508 1044 1656 1088 Padre
1672 1046 1734 1088 M.
1756 1045 1834 1101 Ig-

198 1120 322 1164 natio
343 1122 401 1165 de
422 1121 607 1177 Loyola‚
632 1121 860 1178 preposito
882 1122 1096 1178 generale
1123 1122 1242 1166 della
1270 1121 1557 1178 Compagnia
1583 1122 1642 1165 (16
1669 1121 1829 1165 Giesu.

197 1198 249 1240 In
272 1199 430 1241 Roma.

285 1275 392 1318 Alia
413 1289 572 1318 manu:
598 1286 725 1330 1554.
751 1277 960 1320 Genoua.
986 1275 1106 1320 Delli
1127 1275 1299 1333 signori
1326 1275 1531 1332 deputati
1558 1275 1662 1319 dell’
1687 1276 1827 1319 Illma.

192 1350 410 1408 signoria.
436 1353 542 1396 R.ta
563 1352 638 1395 alli
666 1362 715 1406 15
738 1353 879 1397 detto.

263 1505 274 1526 ¹
325 1505 541 1553 Rescripsit
559 1505 736 1552 Ignatius
754 1506 908 1542 senatui
924 1505 1134 1553 genuensi,
1154 1507 1283 1542 locum
1303 1505 1486 1553 petitioni
1510 1517 1588 1542 non
1612 1517 1700 1541 esse
1722 1518 1832 1553 «per-

140 1573 146 1575 ’
190 1564 264 1600 che
282 1576 351 1600 sua
369 1565 521 1601 Santita
540 1564 580 1601 di
598 1565 753 1612 proprio
777 1570 884 1601 moto
907 1567 956 1601 ha
982 1565 1180 1601 nominato
1203 1565 1313 1601 detto
1331 1566 1386 1601 D.
1417 1566 1566 1612 Jacobo
1592 1577 1662 1617 per
1687 1565 1830 1602 andare

185 1625 251 1660 col
269 1625 400 1670 legato
418 1635 488 1660 suo
505 1626 609 1661 nella
625 1625 731 1661 dieta
748 1625 787 1660 di
807 1625 1064 1672 Alemagna.»
1086 1625 1248 1671 cartas,
1274 1630 1306 1661 t.
1331 1634 1373 1670 v,
1399 1636 1493 1672 pag.
1523 1623 1608 1670 346,
1629 1625 1831 1672 hispanice

193 1695 301 1730 vero,
320 1695 414 1731 pag.
435 1692 473 1730 7,
492 1683 527 1719 8.
549 1684 666 1731 Quod
683 1684 737 1720 ita
756 1685 928 1732 explicat
945 1685 1161 1728 POLANCO‚
1183 1690 1213 1720 t.
1229 1693 1270 1730 v,
1286 1696 1380 1732 pag.
1400 1684 1437 1731 8,
1456 1697 1495 1721 11.
1511 1685 1546 1720 8:
1564 1685 1831 1731 «Designave-

189 1747 295 1779 rat...
316 1743 497 1779 Pontifex
515 1740 659 1790 [Julius
678 1744 750 1791 111]
766 1744 1014 1781 Cardinalem
1029 1745 1247 1789 Moronum,
1262 1745 1436 1790 legatum
1452 1744 1492 1780 in
1505 1744 1772 1789 Germaniam,
1787 1750 1831 1780 ut

190 1802 357 1849 diaetae,
381 1814 481 1850 quae
506 1802 563 1839 ibi
585 1803 720 1849 fiebat,
746 1815 824 1840 non
843 1803 977 1850 exigui
1008 1804 1210 1848 momenti,
1242 1804 1400 1840 nomine
1431 1803 1546 1839 Sedis
1577 1804 1829 1851 Apostolicae

184 1861 412 1906 ‘interesset3
431 1862 654 1910 designavit
671 1869 803 1899 autem
821 1863 918 1899 duos
937 1863 986 1899 de
1006 1863 1204 1899 Societate
1222 1869 1355 1899 nostra
1379 1863 1502 1910 ipsius
1520 1863 1674 1899 itineris
1701 1862 1829 1899 socios

186 1920 402 1967 adjungere
421 1927 528 1958 motu
546 1923 714 1969 proprio;
734 1924 804 1958 hos
823 1929 955 1959 autem
973 1923 1096 1969 elegit
1113 1923 1158 1958 P.
1178 1923 1368 1969 Ignatius,
1389 1923 1556 1968 scilicet,
1581 1928 1712 1970 patres
1731 1923 1830 1970 Lay-

188 1992 262 2016 nez
286 1986 327 2016 et
350 1980 546 2027 Natalem,
575 1982 643 2029 qui
665 1993 755 2017 cum
779 1982 928 2029 Legato
958 1983 999 2018 in
1025 1982 1277 2018 Germaniam
1304 1981 1471 2029 profecti
1501 1987 1639 2017 sunt.»
1659 1983 1747 2028 Jam
1779 1993 1828 2018 ex

187 2040 328 2075 eodem
346 2041 564 2085 POLANCO‚
583 2042 611 2076 Ζ.
631 2053 680 2084 c.,
699 2053 788 2088 pag.
812 2050 892 2087 105,
917 2055 956 2078 n.
977 2041 1046 2078 288
1067 2042 1264 2089 «aequiori
1288 2042 1418 2077 animo
1442 2047 1600 2089 propter
1617 2053 1826 2077 commune

186 2101 332 2136 bonum
351 2101 524 2136 tulerunt
539 2112 765 2147 genuenses
782 2102 887 2149 quod
910 2103 959 2138 ab
984 2102 1042 2138 eis
1067 2101 1271 2137 recederet
1294 2101 1470 2148 [Lainez]
1497 2101 1537 2136 in
1560 2101 1826 2147 Germaniam,

185 2171 302 2206 quam
320 2159 354 2194 si
372 2159 610 2195 Florentiam
629 2171 672 2196 se
689 2161 969 2197 contulisset.»

257 2221 271 2241 2
323 2219 458 2264 Agens
477 2219 694 2262 POLANCQ
715 2225 747 2255 t.
771 2229 828 2265 1v,
848 2232 941 2268 pag.
970 2219 1030 2263 30,
1050 2233 1094 2257 n.
1116 2229 1177 2266 41,
1202 2220 1252 2256 de
1270 2220 1392 2257 initiis
1413 2219 1571 2266 collegii
1592 2219 1824 2266 genuensis,

187 2279 283 2313 haec
301 2278 442 2314 litteris
461 2278 679 2314 mandavit:
701 2280 804 2326 «Qui
822 2280 1000 2327 deputati
1018 2279 1172 2316 fuerant
1190 2291 1212 2315 a
1229 2280 1445 2327 Republica
1469 2279 1673 2316 Genuensi
1696 2278 1746 2314 ad
1761 2290 1824 2314 res

185 2336 344 2383 collegii
362 2338 596 2380 tractandas,
617 2340 827 2386 sperabant
845 2339 1062 2375 subsidium
1081 2339 1237 2387 aliquod
1260 2345 1410 2376 certum
1434 2340 1484 2375 ab
1508 2339 1592 2386 ipsa
1609 2338 1824 2385 Republica

188 2407 231 2431 se
248 2395 538 2442 impetraturos.
557 2397 637 2432 Res
659 2424 682 2433 ..
703 2397 902 2444 Corsicae,
927 2410 1027 2446 quae
1046 2398 1142 2435 satis
1166 2404 1277 2434 erant
1300 2399 1356 2434 illi
1379 2399 1532 2434 civitati
1555 2399 1758 2442 molestae,
1784 2402 1824 2432 et

187 2455 318 2492 variae
332 2456 624 2503 occupationes,
640 2469 688 2492 ne
702 2469 765 2492 res
781 2463 859 2493 tam
874 2464 1047 2494 maturae
1062 2457 1221 2505 [forent]
1235 2470 1280 2494 ac
1293 2458 1351 2494 illi
1364 2460 1573 2505 optabant»
1593 2457 1820 2492 effecerunt·

188 2514 306 2549 Porro
323 2514 501 2561 deputati
518 2514 691 2561 fuerunt,
712 2522 754 2552 ut
772 2516 841 2558 ibi,
861 2523 994 2553 annot.
1014 2515 1035 2551 3
1053 2517 1236 2564 legimus,
1256 2519 1447 2554 «Thomas
1467 2518 1641 2564 Spinola,
1661 2516 1821 2560 Augus·

186 2572 292 2608 tinus
311 2573 560 2618 Lomellinus‚
582 2574 804 2621 Stephanus
822 2576 984 2622 Regius,
1003 2576 1146 2624 quibus
1165 2576 1370 2623 adjunctus
1385 2585 1446 2612 est
1460 2576 1689 2612 Franciscus
1708 2573 1822 2610 Cata-

187 2642 284 2667 neus
302 2633 448 2669 Bava».
