2060 3450
798 231 841 268 18
866 232 1100 269 Fssnnunm
1127 241 1234 279 1555-
1705 243 1784 281 549.

278 333 331 376 ΕΙ
352 335 405 376 P.
431 332 674 376 Francisco
691 334 877 377 volnera
891 333 949 378 de
965 333 1135 379 Seuilla
1150 350 1180 391 y
1197 335 1426 390 Cordoua‚
1446 342 1544 380 esta
1561 350 1818 391 quaresma,

177 409 490 465 zi-Plazencia.
517 411 558 453 Y
580 424 751 466 porque
781 418 878 455 esta
906 424 956 454 es
986 425 1095 467 para
1115 412 1211 455 solo
1232 411 1379 455 avisar
1400 413 1445 455 lo
1465 413 1523 457 de
1544 413 1688 467 Cano,
1707 414 1816 471 Jhu.

183 488 305 542 Xpo.
332 493 517 530 nuestro
539 493 673 531 senor
694 502 780 530 nos
805 488 862 531 de
889 487 1043 544 gracia
1068 488 1126 533 de
1146 488 1287 533 sentir
1306 503 1337 544 y
1358 489 1550 546 cumplir
1578 504 1632 532 su
1655 493 1820 533 santis-

188 563 302 607 sima
323 564 556 607 voluntad.
582 565 747 607 Amen.
772 566 844 609 De
865 564 1118 614 Valladolid
1146 578 1199 620 14
1220 566 1506 611 deHebrero
1535 577 1661 621 1555.
1682 568 1738 610 V.
1762 568 1814 610 P.

180 639 401 683 minimus
422 639 542 683 filius
564 640 609 683 in
632 642 771 698 Xpo.,

1390 780 1578 823 ARAoz.

275 870 533 926 Inscriptio:
564 835 650 915 Iliss.
684 872 745 915 Al
775 886 884 928 muy
916 873 1029 917 Rdo.
1067 874 1215 918 Padre
1242 880 1430 919 nuestro
1458 889 1514 918 en
1547 873 1746 926 Christo,
1777 874 1819 918 el

186 949 239 990 P.
265 949 355 992 M.0
378 947 551 1004 Ignatio
577 949 632 991 de
663 949 849 1004 Loyola,
879 949 1107 1006 preposito
1134 951 1320 1007 general
1340 952 1397 994 de
1424 951 1468 993 la
1490 951 1740 1006 Compafiia
1761 951 1818 994 de

177 1024 294 1077 ihs„
320 1039 378 1068 en
400 1026 557 1067 Roma.
583 1025 690 1068 Alia
711 1040 864 1068 manu.
890 1027 990 1069 R.ta
1011 1027 1086 1069 alli
1114 1037 1163 1082 15
1188 1027 1234 1070 di
1257 1027 1463 1084 Maggio.

943 1255 1066 1296 935

633 1344 952 1382 EVERARDUS
978 1345 1359 1382 MERCURIANUS

555 1422 742 1465 PATRI
773 1423 1035 1467 IGNATIO
1067 1424 1150 1467 DE
1181 1423 1440 1467 LOYOLA

669 1517 862 1546 SPOLETO
883 1510 925 1546 18
942 1519 1170 1548 FEBRUARII
1190 1519 1279 1556 1555
1302 1513 1328 1545 ¹.

174 1585 243 1620 JDe
266 1586 460 1621 sententia
484 1586 690 1622 cardinalis
714 1587 888 1634 perusini
905 1599 948 1624 se
978 1588 1180 1635 Spoletum
1210 1587 1382 1634 venisse,
1414 1586 1812 1623 nuntiat.-Societas

251 1644 490 1691 exposcitur,
509 1651 552 1681 ut
569 1646 779 1692 collegium
797 1647 852 1682 ibi
870 1647 1429 1693 instituatur.—Conditiones,
1442 1659 1543 1694 quae
1560 1647 1608 1682 ad
1622 1647 1661 1682 id
1674 1658 1811 1694 propo·

250 1708 410 1750 nuntur,
428 1704 582 1750 Ignatio
598 1704 733 1742 refert.

272 1871 367 1912 Pax
390 1869 468 1913 X.i
490 1871 631 1914 Molto
654 1872 768 1915 Rdo.
799 1871 847 1915 in
868 1851 953 1916 X.'⁰
978 1873 1138 1916 Padre.
1174 1875 1263 1916 Per
1290 1873 1447 1917 ordine
1468 1874 1525 1917 de
1547 1872 1811 1929 monsignor

183 1946 313 1988 Rmo.
340 1946 566 1991 cardinale
587 1948 644 1991 de
668 1948 866 2004 Perugia
886 1950 920 2003 ²,
945 1949 1086 1992 siamo
1114 1949 1145 1992 il
1172 1950 1347 1994 fratello
1370 1950 1574 1993 Emondo
1596 1957 1642 1994 et
1662 1948 1706 1992 io
1730 1963 1810 1992 ue—

183 2021 281 2064 nuti
298 2037 324 2066 a
341 2023 545 2079 Spoleto,
565 2039 591 2067 a
606 2025 772 2069 uedere
794 2026 837 2070 le
857 2026 1023 2069 stantie
1044 2033 1091 2071 et
1112 2027 1224 2071 altre
1246 2026 1495 2083 prouisioni
1517 2028 1731 2083 deputate
1753 2027 1810 2069 da

174 2105 343 2153 questa
377 2100 608 2144 comunita
643 2116 722 2157 per
759 2101 962 2147 riceuere
998 2109 1044 2147 et
1081 2102 1332 2148 alimentar’
1370 2119 1431 2146 vn
1468 2103 1661 2159 collegio
1692 2102 1810 2146 della

182 2175 481 2232 Compagnia,
504 2177 629 2221 accio
650 2193 708 2222 ne
729 2178 876 2222 diamo
899 2186 945 2223 et
965 2194 991 2222 a
1014 2180 1062 2224 S.
1088 2180 1136 2224 S.
1158 2181 1286 2223 Rma.
1308 2187 1354 2224 et
1375 2181 1535 2234 Illma.,
1555 2187 1601 2223 et
1622 2179 1809 2222 insieme

172 2265 209 2293 -a
238 2252 294 2294 V.
329 2254 400 2303 P.‚
432 2253 662 2298 relatione.
705 2255 890 2310 Quanto
918 2256 959 2299 al
987 2256 1128 2312 luogo
1163 2263 1209 2300 et
1246 2256 1504 2313 prouisione
1536 2255 1713 2307 stabile,
1748 2255 1807 2298 da

172 2334 343 2382 *questo
363 2329 547 2373 decreto
569 2331 642 2373 del
657 2331 847 2374 concilio
869 2331 914 2374 di
935 2333 1061 2376 detta
1082 2332 1328 2387 comunita,
1359 2335 1444 2377 che
1465 2332 1543 2388 qui
1565 2332 1603 2375 si
1625 2333 1804 2385 manda,

180 2432 305 2468 Sefior
322 2435 358 2469 le
375 2434 423 2470 de
444 2435 562 2481 mejor
580 2442 728 2472 mente.
751 2437 787 2472 Y
804 2442 947 2473 cuanto
965 2438 1021 2473 los
1040 2443 1182 2484 puntos
1199 2450 1275 2486 que
1293 2443 1380 2474 toca
1403 2444 1536 2474 contra
1560 2443 1719 2473 nuestro
1738 2439 1808 2473 Pa-

170 2491 264 2537 ·dre,
279 2504 417 2539 parece
440 2506 516 2541 que
539 2506 588 2530 no
612 2507 792 2531 mereeen
816 2498 851 2532 el
877 2495 1026 2542 trabajo
1049 2496 1099 2532 de
1122 2498 1159 2532 la
1180 2503 1399 2544 respuesta,
1424 2510 1450 2543 y
1474 2499 1531 2532 asi
1556 2508 1605 2532 no
1623 2498 1698 2543 hay
1716 2508 1807 2543 para

180 2554 258 2597 que
276 2551 357 2587 dar.
377 2553 418 2588 Si
437 2555 471 2588 el
497 2565 547 2588 no
569 2554 668 2589 anda
690 2566 764 2590 con
788 2557 908 2590 malas
931 2558 1127 2602 entrafias,
1146 2556 1195 2592 de
1218 2568 1328 2593 creer
1352 2569 1394 2592 es
1418 2568 1493 2603 que
1518 2557 1612 2591 Dios
1638 2556 1807 2591 Nuestro

181 2609 307 2646 Sefior
320 2612 356 2646 le
374 2611 465 2647 dara
483 2614 600 2658 algon
617 2613 680 2648 dia
696 2614 981 2650 conocimiento
999 2613 1048 2649 de
1066 2626 1112 2650 su
1130 2627 1276 2651 error».
1303 2615 1447 2651 Cartas
1461 2617 1508 2650 de
1524 2615 1605 2650 San
1626 2615 1805 2662 Ignacio‚

184 2674 216 2704 t.
239 2677 281 2715 v,
299 2681 391 2716 pag.
419 2673 498 2706 161.

256 2730 266 2750 ¹
317 2729 375 2763 Ex
393 2731 629 2777 autographo
648 2730 688 2766 in
706 2733 783 2767 vol.
804 2733 848 2776 F,
867 2732 1012 2779 duplici
1029 2732 1138 2778 folio,
1152 2745 1196 2770 n.
1222 2743 1278 2776 11,
1298 2734 1402 2781 prius
1422 2741 1462 2777 51
1476 2733 1645 2768 .—Usus
1661 2737 1721 2766 est
1734 2732 1806 2767 hac

174 2787 347 2834 -epistola
365 2788 581 2834 POLANCO‚
598 2795 631 2825 t.
653 2798 694 2831 v,
714 2801 802 2836 pag.
820 2789 882 2836 63,
901 2803 944 2826 n.
971 2791 1036 2827 138
1053 2797 1093 2828 et
1105 2804 1230 2840 seqq.‚
1250 2794 1331 2839 ubi,
1350 2803 1449 2839 quae
1467 2792 1515 2826 de
1534 2790 1648 2837 hujus
1663 2791 1806 2837 episto—

182 2847 243 2881 lae
260 2853 490 2892 argumento
507 2853 547 2883 et
564 2849 740 2894 personis
758 2849 835 2886 dici
853 2856 1029 2897 possunt,
1043 2851 1190 2887 affatim
1209 2853 1469 2899 explicantur.

252 2907 266 2927 ²
317 2906 501 2942 «Fulvius
520 2907 709 2954 Corneus,
728 2908 944 2944 cardinalis
959 2909 1185 2958 Perusinus,
1200 2911 1361 2946 Petusio
1376 2911 1577 2956 Spoletum
1595 2910 1804 2944 translatus

176 2962 256 2999 ‘fuit
280 2964 366 2999 26.⁸
390 2966 518 3000 Martii
538 2965 644 3012 1553,
671 2966 734 3002 eui
764 2966 915 3002 Perusii
941 2969 1131 3005 successit
1157 2969 1241 3015 ejus
1276 2969 1415 3014 affinis,
1443 2968 1679 3014 Hippolytus
1710 2967 1806 3004 item

177 3022 398 3059 corneus».
424 3025 639 3070 POLANCO,
659 3025 770 3068 ibid„
790 3031 926 3062 annot.
949 3036 986 3071 4.
