<?xml version="1.0" encoding="UTF-8"?>
<!DOCTYPE html PUBLIC "-//W3C//DTD XHTML 1.0 Transitional//EN"
    "http://www.w3.org/TR/xhtml1/DTD/xhtml1-transitional.dtd">
<html xmlns="http://www.w3.org/1999/xhtml" xml:lang="en" lang="en">
 <head>
  <title>
</title>
<meta http-equiv="Content-Type" content="text/html;charset=utf-8" />
  <meta name='ocr-system' content='tesseract 3.04.00' />
  <meta name='ocr-capabilities' content='ocr_page ocr_carea ocr_par ocr_line ocrx_word'/>
</head>
<body>
  <div class='ocr_page' id='page_1' title='image "./epistolaemixtaee04matruoft_0473.png"; bbox 0 0 2014 3470; ppageno 0'>
   <div class='ocr_carea' id='block_1_1' title="bbox 734 207 1711 253">
    <p class='ocr_par' dir='ltr' id='par_1_1' title="bbox 734 207 1711 253">
     <span class='ocr_line' id='line_1_1' title="bbox 734 207 1711 253; baseline 0.001 -11"><span class='ocrx_word' id='word_1_1' title='bbox 734 215 755 242; x_wconf 87' lang='lat'><strong>2</strong></span> <span class='ocrx_word' id='word_1_2' title='bbox 781 207 1027 243; x_wconf 80' lang='lat' dir='ltr'><strong>DECEMBRIS</strong></span> <span class='ocrx_word' id='word_1_3' title='bbox 1060 214 1151 253; x_wconf 85' lang='lat'>1554</span> <span class='ocrx_word' id='word_1_4' title='bbox 1639 207 1711 252; x_wconf 82' lang='lat'><strong>467</strong></span> 
     </span>
    </p>
   </div>
   <div class='ocr_carea' id='block_1_2' title="bbox 423 588 1459 730">
    <p class='ocr_par' dir='ltr' id='par_1_2' title="bbox 423 588 1459 730">
     <span class='ocr_line' id='line_1_2' title="bbox 575 588 1300 626; baseline 0.001 -3"><span class='ocrx_word' id='word_1_5' title='bbox 575 588 893 625; x_wconf 85' lang='lat' dir='ltr'><strong>EVERARDUS</strong></span> <span class='ocrx_word' id='word_1_6' title='bbox 919 588 1300 626; x_wconf 82' lang='lat' dir='ltr'><strong>MERCURIANUS</strong></span> 
     </span>
     <span class='ocr_line' id='line_1_3' title="bbox 423 672 1459 730; baseline 0.002 -16"><span class='ocrx_word' id='word_1_7' title='bbox 423 672 636 714; x_wconf 89' lang='lat' dir='ltr'><strong>PATRI</strong></span> <span class='ocrx_word' id='word_1_8' title='bbox 675 672 937 730; x_wconf 65' lang='lat' dir='ltr'><strong>JOANNlI</strong></span> <span class='ocrx_word' id='word_1_9' title='bbox 982 673 1072 716; x_wconf 91' lang='lat' dir='ltr'><strong>DE</strong></span> <span class='ocrx_word' id='word_1_10' title='bbox 1119 672 1459 716; x_wconf 88' lang='lat' dir='ltr'>POLANCO</span> 
     </span>
    </p>
   </div>
   <div class='ocr_carea' id='block_1_3' title="bbox 622 762 1255 806">
    <p class='ocr_par' dir='ltr' id='par_1_3' title="bbox 622 762 1255 806">
     <span class='ocr_line' id='line_1_4' title="bbox 622 762 1255 806; baseline 0 -10"><span class='ocrx_word' id='word_1_11' title='bbox 622 767 801 796; x_wconf 79' lang='lat' dir='ltr'><strong>PERUs1A</strong></span> <span class='ocrx_word' id='word_1_12' title='bbox 819 769 839 795; x_wconf 89' lang='lat'><strong>2</strong></span> <span class='ocrx_word' id='word_1_13' title='bbox 858 769 1094 797; x_wconf 79' lang='lat' dir='ltr'><strong>DECEMBRrs</strong></span> <span class='ocrx_word' id='word_1_14' title='bbox 1116 768 1208 806; x_wconf 85' lang='lat'>1554</span> <span class='ocrx_word' id='word_1_15' title='bbox 1228 762 1255 796; x_wconf 90' lang='lat'><strong>¹.</strong></span> 
     </span>
    </p>
   </div>
   <div class='ocr_carea' id='block_1_4' title="bbox 124 836 1759 1063">
    <p class='ocr_par' dir='ltr' id='par_1_4' title="bbox 124 836 1759 1063">
     <span class='ocr_line' id='line_1_5' title="bbox 124 836 1759 885; baseline -0.001 -11"><span class='ocrx_word' id='word_1_16' title='bbox 124 836 298 874; x_wconf 88' lang='lat' dir='ltr'><strong>Litterae</strong></span> <span class='ocrx_word' id='word_1_17' title='bbox 316 837 437 872; x_wconf 90' lang='lat' dir='ltr'><strong>Roma</strong></span> <span class='ocrx_word' id='word_1_18' title='bbox 455 836 596 872; x_wconf 88' lang='lat' dir='ltr'><strong>missae</strong></span> <span class='ocrx_word' id='word_1_19' title='bbox 614 836 802 872; x_wconf 87' lang='lat' dir='ltr'><strong>laetitiam</strong></span> <span class='ocrx_word' id='word_1_20' title='bbox 819 836 971 873; x_wconf 86' lang='lat' dir='ltr'><strong>cunetis</strong></span> <span class='ocrx_word' id='word_1_21' title='bbox 988 838 1336 874; x_wconf 88' lang='lat' dir='ltr'><strong>attulerunt.—De</strong></span> <span class='ocrx_word' id='word_1_22' title='bbox 1360 837 1543 873; x_wconf 90' lang='lat' dir='ltr'><strong>Petronio</strong></span> <span class='ocrx_word' id='word_1_23' title='bbox 1566 837 1759 885; x_wconf 89' lang='lat' dir='ltr'><strong>hujusque</strong></span> 
     </span>
     <span class='ocr_line' id='line_1_6' title="bbox 197 894 1759 943; baseline -0.001 -11"><span class='ocrx_word' id='word_1_24' title='bbox 197 895 398 932; x_wconf 83' lang='lat' dir='ltr'><strong>fratribus.</strong></span> <span class='ocrx_word' id='word_1_25' title='bbox 412 897 516 931; x_wconf 87' lang='lat' dir='ltr'><strong>—De</strong></span> <span class='ocrx_word' id='word_1_26' title='bbox 533 894 690 931; x_wconf 85' lang='lat' dir='ltr'><strong>abbatia</strong></span> <span class='ocrx_word' id='word_1_27' title='bbox 706 895 913 942; x_wconf 90' lang='lat' dir='ltr'><strong>gymnasio</strong></span> <span class='ocrx_word' id='word_1_28' title='bbox 931 901 1064 932; x_wconf 86' lang='lat' dir='ltr'><strong>nostro</strong></span> <span class='ocrx_word' id='word_1_29' title='bbox 1087 895 1149 943; x_wconf 87' lang='lat' dir='ltr'><strong>adj</strong></span> <span class='ocrx_word' id='word_1_30' title='bbox 1155 895 1469 932; x_wconf 82' lang='lat' dir='ltr'><strong>udieanda.-De</strong></span> <span class='ocrx_word' id='word_1_31' title='bbox 1494 895 1611 932; x_wconf 84' lang='lat' dir='ltr'><strong>sociis</strong></span> <span class='ocrx_word' id='word_1_32' title='bbox 1634 896 1759 942; x_wconf 89' lang='lat' dir='ltr'><strong>aegri-</strong></span> 
     </span>
     <span class='ocr_line' id='line_1_7' title="bbox 196 953 1759 1001; baseline -0.001 -9"><span class='ocrx_word' id='word_1_33' title='bbox 196 955 332 992; x_wconf 85' lang='lat' dir='ltr'><strong>tudine</strong></span> <span class='ocrx_word' id='word_1_34' title='bbox 361 956 531 992; x_wconf 85' lang='lat' dir='ltr'><strong>affeetis.</strong></span> <span class='ocrx_word' id='word_1_35' title='bbox 548 955 740 991; x_wconf 89' lang='lat' dir='ltr'><strong>—Mareus</strong></span> <span class='ocrx_word' id='word_1_36' title='bbox 771 955 966 992; x_wconf 90' lang='lat' dir='ltr'><strong>Antonius</strong></span> <span class='ocrx_word' id='word_1_37' title='bbox 995 954 1158 994; x_wconf 87' lang='lat' dir='ltr'><strong>Oradini</strong></span> <span class='ocrx_word' id='word_1_38' title='bbox 1188 955 1290 991; x_wconf 93' lang='lat' dir='ltr'><strong>laeta</strong></span> <span class='ocrx_word' id='word_1_39' title='bbox 1318 953 1368 990; x_wconf 88' lang='lat' dir='ltr'><strong>de</strong></span> <span class='ocrx_word' id='word_1_40' title='bbox 1398 955 1565 1001; x_wconf 91' lang='lat' dir='ltr'><strong>collegio</strong></span> <span class='ocrx_word' id='word_1_41' title='bbox 1600 965 1759 990; x_wconf 87' lang='lat' dir='ltr'><strong>romano</strong></span> 
     </span>
     <span class='ocr_line' id='line_1_8' title="bbox 202 1015 415 1063; baseline 0 -12"><span class='ocrx_word' id='word_1_42' title='bbox 202 1015 415 1063; x_wconf 87' lang='lat' dir='ltr'><strong>praedicat.</strong></span> 
     </span>
    </p>
   </div>
   <div class='ocr_carea' id='block_1_5' title="bbox 928 1098 957 1155">
    <p class='ocr_par' dir='ltr' id='par_1_5' title="bbox 928 1098 957 1155">
     <span class='ocr_line' id='line_1_9' title="bbox 928 1098 957 1155; baseline 0 -33"><span class='ocrx_word' id='word_1_43' title='bbox 928 1098 957 1155; x_wconf 65' lang='lat'>†</span> 
     </span>
    </p>
   </div>
   <div class='ocr_carea' id='block_1_6' title="bbox 121 1191 1760 2095">
    <p class='ocr_par' dir='ltr' id='par_1_6' title="bbox 127 1191 1760 1480">
     <span class='ocr_line' id='line_1_10' title="bbox 219 1191 1760 1247; baseline -0.001 -10"><span class='ocrx_word' id='word_1_44' title='bbox 219 1196 315 1238; x_wconf 87' lang='lat' dir='ltr'><strong>Pax</strong></span> <span class='ocrx_word' id='word_1_45' title='bbox 337 1191 415 1236; x_wconf 93' lang='lat' dir='ltr'><strong>X.i</strong></span> <span class='ocrx_word' id='word_1_46' title='bbox 440 1193 554 1236; x_wconf 90' lang='lat' dir='ltr'><strong>Rdo.</strong></span> <span class='ocrx_word' id='word_1_47' title='bbox 580 1192 627 1235; x_wconf 92' lang='lat' dir='ltr'><strong>in</strong></span> <span class='ocrx_word' id='word_1_48' title='bbox 649 1192 734 1236; x_wconf 81' lang='grc' dir='ltr'><strong>Χ.ο</strong></span> <span class='ocrx_word' id='word_1_49' title='bbox 757 1193 920 1236; x_wconf 89' lang='lat' dir='ltr'><strong>Padre.</strong></span> <span class='ocrx_word' id='word_1_50' title='bbox 946 1192 1238 1237; x_wconf 88' lang='lat' dir='ltr'><strong>Riceuemmo</strong></span> <span class='ocrx_word' id='word_1_51' title='bbox 1260 1206 1352 1235; x_wconf 88' lang='lat' dir='ltr'><strong>una</strong></span> <span class='ocrx_word' id='word_1_52' title='bbox 1372 1193 1430 1236; x_wconf 88' lang='lat' dir='ltr'><strong>de</strong></span> <span class='ocrx_word' id='word_1_53' title='bbox 1452 1193 1509 1236; x_wconf 89' lang='lat' dir='ltr'><strong>V.</strong></span> <span class='ocrx_word' id='word_1_54' title='bbox 1543 1193 1596 1236; x_wconf 91' lang='lat' dir='ltr'><strong>R.</strong></span> <span class='ocrx_word' id='word_1_55' title='bbox 1623 1193 1680 1236; x_wconf 88' lang='lat' dir='ltr'><strong>de</strong></span> <span class='ocrx_word' id='word_1_56' title='bbox 1703 1203 1760 1247; x_wconf 87' lang='lat'><strong>24</strong></span> 
     </span>
     <span class='ocr_line' id='line_1_11' title="bbox 130 1268 1760 1326; baseline -0.002 -11"><span class='ocrx_word' id='word_1_57' title='bbox 130 1272 206 1316; x_wconf 89' lang='lat' dir='ltr'><strong>del</strong></span> <span class='ocrx_word' id='word_1_58' title='bbox 229 1277 423 1326; x_wconf 74' lang='lat' dir='ltr'><strong>passam,</strong></span> <span class='ocrx_word' id='word_1_59' title='bbox 455 1283 539 1312; x_wconf 89' lang='lat' dir='ltr'><strong>con</strong></span> <span class='ocrx_word' id='word_1_60' title='bbox 568 1270 718 1324; x_wconf 86' lang='lat' dir='ltr'><strong>quella</strong></span> <span class='ocrx_word' id='word_1_61' title='bbox 744 1270 819 1314; x_wconf 92' lang='lat' dir='ltr'><strong>del</strong></span> <span class='ocrx_word' id='word_1_62' title='bbox 846 1284 896 1314; x_wconf 88' lang='lat' dir='ltr'><strong>re</strong></span> <span class='ocrx_word' id='word_1_63' title='bbox 924 1268 970 1312; x_wconf 88' lang='lat' dir='ltr'><strong>di</strong></span> <span class='ocrx_word' id='word_1_64' title='bbox 996 1268 1185 1323; x_wconf 85' lang='lat' dir='ltr'><strong>romani,</strong></span> <span class='ocrx_word' id='word_1_65' title='bbox 1216 1283 1303 1312; x_wconf 89' lang='lat' dir='ltr'><strong>con</strong></span> <span class='ocrx_word' id='word_1_66' title='bbox 1329 1269 1373 1312; x_wconf 89' lang='lat' dir='ltr'><strong>la</strong></span> <span class='ocrx_word' id='word_1_67' title='bbox 1401 1269 1533 1324; x_wconf 88' lang='lat' dir='ltr'><strong>quale</strong></span> <span class='ocrx_word' id='word_1_68' title='bbox 1555 1269 1695 1312; x_wconf 91' lang='lat' dir='ltr'><strong>molto</strong></span> <span class='ocrx_word' id='word_1_69' title='bbox 1718 1268 1760 1312; x_wconf 88' lang='lat' dir='ltr'><strong>ci</strong></span> 
     </span>
     <span class='ocr_line' id='line_1_12' title="bbox 129 1345 1760 1402; baseline -0.001 -11"><span class='ocrx_word' id='word_1_70' title='bbox 129 1347 271 1391; x_wconf 89' lang='lat' dir='ltr'><strong>siamo</strong></span> <span class='ocrx_word' id='word_1_71' title='bbox 292 1345 503 1399; x_wconf 64' lang='lat' dir='ltr'><strong>edificem,</strong></span> <span class='ocrx_word' id='word_1_72' title='bbox 523 1352 568 1388; x_wconf 90' lang='lat' dir='ltr'><strong>et</strong></span> <span class='ocrx_word' id='word_1_73' title='bbox 584 1346 723 1390; x_wconf 89' lang='lat' dir='ltr'><strong>molte</strong></span> <span class='ocrx_word' id='word_1_74' title='bbox 739 1346 852 1390; x_wconf 88' lang='lat' dir='ltr'><strong>altre</strong></span> <span class='ocrx_word' id='word_1_75' title='bbox 868 1359 1075 1402; x_wconf 86' lang='lat' dir='ltr'><strong>persone,</strong></span> <span class='ocrx_word' id='word_1_76' title='bbox 1094 1346 1138 1390; x_wconf 98' lang='grc'><strong>16</strong></span> <span class='ocrx_word' id='word_1_77' title='bbox 1154 1345 1276 1401; x_wconf 92' lang='lat' dir='ltr'><strong>quali</strong></span> <span class='ocrx_word' id='word_1_78' title='bbox 1296 1347 1448 1388; x_wconf 88' lang='lat' dir='ltr'><strong>hanno</strong></span> <span class='ocrx_word' id='word_1_79' title='bbox 1464 1346 1506 1388; x_wconf 89' lang='lat' dir='ltr'><strong>le</strong></span> <span class='ocrx_word' id='word_1_80' title='bbox 1522 1360 1626 1389; x_wconf 87' lang='lat' dir='ltr'><strong>cose</strong></span> <span class='ocrx_word' id='word_1_81' title='bbox 1643 1346 1760 1389; x_wconf 88' lang='lat' dir='ltr'><strong>della</strong></span> 
     </span>
     <span class='ocr_line' id='line_1_13' title="bbox 127 1421 1755 1480; baseline -0.002 -11"><span class='ocrx_word' id='word_1_82' title='bbox 127 1423 413 1480; x_wconf 87' lang='lat' dir='ltr'><strong>Compagnia</strong></span> <span class='ocrx_word' id='word_1_83' title='bbox 434 1438 512 1479; x_wconf 92' lang='lat' dir='ltr'><strong>per</strong></span> <span class='ocrx_word' id='word_1_84' title='bbox 533 1421 666 1466; x_wconf 87' lang='lat' dir='ltr'><strong>simili</strong></span> <span class='ocrx_word' id='word_1_85' title='bbox 689 1422 887 1466; x_wconf 89' lang='lat' dir='ltr'><strong>ocasioni</strong></span> <span class='ocrx_word' id='word_1_86' title='bbox 909 1428 954 1467; x_wconf 95' lang='lat' dir='ltr'><strong>et</strong></span> <span class='ocrx_word' id='word_1_87' title='bbox 977 1421 1221 1465; x_wconf 89' lang='lat' dir='ltr'><strong>testimonii</strong></span> <span class='ocrx_word' id='word_1_88' title='bbox 1244 1422 1291 1465; x_wconf 92' lang='lat' dir='ltr'><strong>in</strong></span> <span class='ocrx_word' id='word_1_89' title='bbox 1312 1422 1390 1478; x_wconf 78' lang='lat' dir='ltr'><strong>piu</strong></span> <span class='ocrx_word' id='word_1_90' title='bbox 1411 1422 1706 1467; x_wconf 87' lang='lat' dir='ltr'><strong>admiratione</strong></span> <span class='ocrx_word' id='word_1_91' title='bbox 1722 1423 1755 1465; x_wconf 79' lang='lat'><strong>².</strong></span> 
     </span>
    </p>

    <p class='ocr_par' dir='ltr' id='par_1_7' title="bbox 121 1498 1760 2095">
     <span class='ocr_line' id='line_1_14' title="bbox 214 1498 1758 1556; baseline -0.002 -11"><span class='ocrx_word' id='word_1_92' title='bbox 214 1501 302 1545; x_wconf 95' lang='lat' dir='ltr'><strong>Del</strong></span> <span class='ocrx_word' id='word_1_93' title='bbox 324 1501 385 1543; x_wconf 89' lang='lat' dir='ltr'><strong>tal</strong></span> <span class='ocrx_word' id='word_1_94' title='bbox 407 1499 605 1556; x_wconf 87' lang='lat' dir='ltr'><strong>recapito</strong></span> <span class='ocrx_word' id='word_1_95' title='bbox 626 1501 684 1544; x_wconf 89' lang='lat' dir='ltr'><strong>de</strong></span> <span class='ocrx_word' id='word_1_96' title='bbox 706 1501 768 1543; x_wconf 95' lang='lat' dir='ltr'><strong>M.</strong></span> <span class='ocrx_word' id='word_1_97' title='bbox 795 1498 1010 1544; x_wconf 89' lang='lat' dir='ltr'><strong>Petronio</strong></span> <span class='ocrx_word' id='word_1_98' title='bbox 1033 1500 1048 1520; x_wconf 78' lang='lat'><strong>³</strong></span> <span class='ocrx_word' id='word_1_99' title='bbox 1072 1513 1159 1542; x_wconf 90' lang='lat' dir='ltr'><strong>con</strong></span> <span class='ocrx_word' id='word_1_100' title='bbox 1183 1499 1282 1542; x_wconf 91' lang='lat' dir='ltr'><strong>suoi</strong></span> <span class='ocrx_word' id='word_1_101' title='bbox 1312 1499 1474 1542; x_wconf 87' lang='lat' dir='ltr'><strong>fratelli</strong></span> <span class='ocrx_word' id='word_1_102' title='bbox 1502 1514 1528 1541; x_wconf 86' lang='lat' dir='ltr'><strong>a</strong></span> <span class='ocrx_word' id='word_1_103' title='bbox 1554 1513 1659 1542; x_wconf 86' lang='lat' dir='ltr'><strong>casa</strong></span> <span class='ocrx_word' id='word_1_104' title='bbox 1680 1514 1758 1542; x_wconf 82' lang='lat' dir='ltr'><strong>co-</strong></span> 
     </span>
     <span class='ocr_line' id='line_1_15' title="bbox 122 1575 1759 1632; baseline -0.002 -10"><span class='ocrx_word' id='word_1_105' title='bbox 122 1579 199 1632; x_wconf 86' lang='lat' dir='ltr'><strong>sti,</strong></span> <span class='ocrx_word' id='word_1_106' title='bbox 224 1578 363 1621; x_wconf 90' lang='lat' dir='ltr'><strong>molto</strong></span> <span class='ocrx_word' id='word_1_107' title='bbox 390 1577 504 1621; x_wconf 92' lang='lat' dir='ltr'><strong>Rdo.</strong></span> <span class='ocrx_word' id='word_1_108' title='bbox 532 1577 679 1621; x_wconf 82' lang='lat' dir='ltr'><strong>Padre</strong></span> <span class='ocrx_word' id='word_1_109' title='bbox 702 1575 808 1630; x_wconf 91' lang='lat' dir='ltr'><strong>mio,</strong></span> <span class='ocrx_word' id='word_1_110' title='bbox 835 1583 961 1620; x_wconf 87' lang='lat' dir='ltr'><strong>tanto</strong></span> <span class='ocrx_word' id='word_1_111' title='bbox 989 1575 1067 1632; x_wconf 74' lang='lat' dir='ltr'><strong>pisi</strong></span> <span class='ocrx_word' id='word_1_112' title='bbox 1095 1590 1147 1620; x_wconf 89' lang='lat' dir='ltr'><strong>ce</strong></span> <span class='ocrx_word' id='word_1_113' title='bbox 1169 1576 1410 1629; x_wconf 86' lang='lat' dir='ltr'><strong>rincresce,</strong></span> <span class='ocrx_word' id='word_1_114' title='bbox 1435 1584 1604 1632; x_wconf 89' lang='lat' dir='ltr'><strong>quanto</strong></span> <span class='ocrx_word' id='word_1_115' title='bbox 1626 1591 1759 1620; x_wconf 93' lang='lat' dir='ltr'><strong>meno</strong></span> 
     </span>
     <span class='ocr_line' id='line_1_16' title="bbox 121 1652 1760 1711; baseline -0.001 -13"><span class='ocrx_word' id='word_1_116' title='bbox 121 1656 153 1698; x_wconf 89' lang='lat' dir='ltr'><strong>l&#39;</strong></span> <span class='ocrx_word' id='word_1_117' title='bbox 171 1660 415 1711; x_wconf 82' lang='lat' dir='ltr'><strong>aspettauo</strong></span> <span class='ocrx_word' id='word_1_118' title='bbox 444 1653 492 1696; x_wconf 91' lang='lat' dir='ltr'><strong>in</strong></span> <span class='ocrx_word' id='word_1_119' title='bbox 519 1654 580 1697; x_wconf 89' lang='lat' dir='ltr'><strong>tal</strong></span> <span class='ocrx_word' id='word_1_120' title='bbox 610 1653 747 1711; x_wconf 87' lang='lat' dir='ltr'><strong>fogia.</strong></span> <span class='ocrx_word' id='word_1_121' title='bbox 779 1655 848 1698; x_wconf 82' lang='lat' dir='ltr'><strong>Ne</strong></span> <span class='ocrx_word' id='word_1_122' title='bbox 870 1653 958 1697; x_wconf 90' lang='lat' dir='ltr'><strong>mai</strong></span> <span class='ocrx_word' id='word_1_123' title='bbox 986 1655 1045 1697; x_wconf 94' lang='lat' dir='ltr'><strong>ho</strong></span> <span class='ocrx_word' id='word_1_124' title='bbox 1073 1653 1219 1697; x_wconf 91' lang='lat' dir='ltr'><strong>inteso</strong></span> <span class='ocrx_word' id='word_1_125' title='bbox 1240 1653 1298 1696; x_wconf 87' lang='lat' dir='ltr'><strong>da</strong></span> <span class='ocrx_word' id='word_1_126' title='bbox 1324 1652 1389 1696; x_wconf 93' lang='lat' dir='ltr'><strong>lui</strong></span> <span class='ocrx_word' id='word_1_127' title='bbox 1416 1652 1675 1706; x_wconf 84' lang='lat' dir='ltr'><strong>ricercasse,</strong></span> <span class='ocrx_word' id='word_1_128' title='bbox 1701 1653 1760 1696; x_wconf 75' lang='lat' dir='ltr'><strong>ne</strong></span> 
     </span>
     <span class='ocr_line' id='line_1_17' title="bbox 126 1722 1758 1788; baseline -0.001 -13"><span class='ocrx_word' id='word_1_129' title='bbox 126 1745 287 1775; x_wconf 88' lang='lat' dir='ltr'><strong>manco</strong></span> <span class='ocrx_word' id='word_1_130' title='bbox 309 1731 371 1788; x_wconf 83' lang='lat' dir='ltr'><strong>gli</strong></span> <span class='ocrx_word' id='word_1_131' title='bbox 392 1745 534 1787; x_wconf 90' lang='lat' dir='ltr'><strong>penso</strong></span> <span class='ocrx_word' id='word_1_132' title='bbox 554 1732 696 1774; x_wconf 89' lang='lat' dir='ltr'><strong>hauer</strong></span> <span class='ocrx_word' id='word_1_133' title='bbox 717 1732 823 1774; x_wconf 87' lang='lat' dir='ltr'><strong>dato</strong></span> <span class='ocrx_word' id='word_1_134' title='bbox 845 1745 957 1787; x_wconf 88' lang='lat' dir='ltr'><strong>pure</strong></span> <span class='ocrx_word' id='word_1_135' title='bbox 974 1722 1042 1774; x_wconf 73' lang='lat' dir='ltr'><strong>vun</strong></span> <span class='ocrx_word' id='word_1_136' title='bbox 1064 1745 1210 1774; x_wconf 90' lang='lat' dir='ltr'><strong>cenno</strong></span> <span class='ocrx_word' id='word_1_137' title='bbox 1231 1744 1281 1774; x_wconf 89' lang='lat' dir='ltr'><strong>se</strong></span> <span class='ocrx_word' id='word_1_138' title='bbox 1310 1744 1514 1787; x_wconf 83' lang='lat' dir='ltr'><strong>sperasse</strong></span> <span class='ocrx_word' id='word_1_139' title='bbox 1542 1730 1631 1774; x_wconf 88' lang='lat' dir='ltr'><strong>tale</strong></span> <span class='ocrx_word' id='word_1_140' title='bbox 1651 1743 1758 1773; x_wconf 86' lang='lat' dir='ltr'><strong>cosa</strong></span> 
     </span>
     <span class='ocr_line' id='line_1_18' title="bbox 123 1806 1756 1865; baseline -0.002 -13"><span class='ocrx_word' id='word_1_141' title='bbox 123 1809 244 1852; x_wconf 89' lang='lat' dir='ltr'><strong>dalla</strong></span> <span class='ocrx_word' id='word_1_142' title='bbox 266 1808 562 1865; x_wconf 88' lang='lat' dir='ltr'><strong>Compagnia.</strong></span> <span class='ocrx_word' id='word_1_143' title='bbox 588 1808 718 1852; x_wconf 89' lang='lat' dir='ltr'><strong>Nella</strong></span> <span class='ocrx_word' id='word_1_144' title='bbox 738 1808 899 1852; x_wconf 88' lang='lat' dir='ltr'><strong>lettera</strong></span> <span class='ocrx_word' id='word_1_145' title='bbox 918 1810 1004 1852; x_wconf 86' lang='lat' dir='ltr'><strong>che</strong></span> <span class='ocrx_word' id='word_1_146' title='bbox 1025 1807 1055 1850; x_wconf 92' lang='lat' dir='ltr'><strong>li</strong></span> <span class='ocrx_word' id='word_1_147' title='bbox 1077 1807 1290 1860; x_wconf 88' lang='lat' dir='ltr'><strong>dessimo,</strong></span> <span class='ocrx_word' id='word_1_148' title='bbox 1315 1822 1394 1863; x_wconf 88' lang='lat' dir='ltr'><strong>per</strong></span> <span class='ocrx_word' id='word_1_149' title='bbox 1416 1813 1585 1862; x_wconf 88' lang='lat' dir='ltr'><strong>quanto</strong></span> <span class='ocrx_word' id='word_1_150' title='bbox 1614 1806 1675 1849; x_wconf 90' lang='lat' dir='ltr'><strong>mi</strong></span> <span class='ocrx_word' id='word_1_151' title='bbox 1697 1806 1756 1849; x_wconf 88' lang='lat' dir='ltr'><strong>ri-</strong></span> 
     </span>
     <span class='ocr_line' id='line_1_19' title="bbox 126 1883 1759 1938; baseline -0.002 -9"><span class='ocrx_word' id='word_1_152' title='bbox 126 1886 281 1938; x_wconf 84' lang='lat' dir='ltr'><strong>cordo,</strong></span> <span class='ocrx_word' id='word_1_153' title='bbox 307 1885 551 1929; x_wconf 87' lang='lat' dir='ltr'><strong>intendeno</strong></span> <span class='ocrx_word' id='word_1_154' title='bbox 578 1884 741 1928; x_wconf 87' lang='lat' dir='ltr'><strong>auisar&#39;</strong></span> <span class='ocrx_word' id='word_1_155' title='bbox 766 1885 809 1928; x_wconf 88' lang='lat' dir='ltr'><strong>la</strong></span> <span class='ocrx_word' id='word_1_156' title='bbox 838 1886 892 1928; x_wconf 89' lang='lat' dir='ltr'><strong>R.</strong></span> <span class='ocrx_word' id='word_1_157' title='bbox 919 1886 997 1937; x_wconf 90' lang='lat' dir='ltr'><strong>V.,</strong></span> <span class='ocrx_word' id='word_1_158' title='bbox 1028 1886 1127 1937; x_wconf 89' lang='lat' dir='ltr'><strong>che,</strong></span> <span class='ocrx_word' id='word_1_159' title='bbox 1154 1883 1389 1929; x_wconf 88' lang='lat' dir='ltr'><strong>essendoei</strong></span> <span class='ocrx_word' id='word_1_160' title='bbox 1411 1890 1589 1927; x_wconf 90' lang='lat' dir='ltr'><strong>costoro</strong></span> <span class='ocrx_word' id='word_1_161' title='bbox 1610 1898 1759 1928; x_wconf 87' lang='lat' dir='ltr'><strong>esser-</strong></span> 
     </span>
     <span class='ocr_line' id='line_1_20' title="bbox 128 1960 1760 2018; baseline -0.002 -12"><span class='ocrx_word' id='word_1_162' title='bbox 128 1961 253 2006; x_wconf 87' lang='lat' dir='ltr'><strong>citati</strong></span> <span class='ocrx_word' id='word_1_163' title='bbox 274 1961 351 2018; x_wconf 92' lang='lat' dir='ltr'><strong>qui</strong></span> <span class='ocrx_word' id='word_1_164' title='bbox 372 1975 458 2005; x_wconf 85' lang='lat' dir='ltr'><strong>con</strong></span> <span class='ocrx_word' id='word_1_165' title='bbox 479 1961 558 2005; x_wconf 90' lang='lat' dir='ltr'><strong>noi</strong></span> <span class='ocrx_word' id='word_1_166' title='bbox 579 1960 624 2004; x_wconf 91' lang='lat' dir='ltr'><strong>in</strong></span> <span class='ocrx_word' id='word_1_167' title='bbox 647 1975 756 2006; x_wconf 85' lang='lat' dir='ltr'><strong>cose</strong></span> <span class='ocrx_word' id='word_1_168' title='bbox 777 1961 997 2018; x_wconf 86' lang='lat' dir='ltr'><strong>spirituali</strong></span> <span class='ocrx_word' id='word_1_169' title='bbox 1019 1968 1064 2006; x_wconf 88' lang='lat' dir='ltr'><strong>et</strong></span> <span class='ocrx_word' id='word_1_170' title='bbox 1091 1961 1333 2014; x_wconf 87' lang='lat' dir='ltr'><strong>letterarie,</strong></span> <span class='ocrx_word' id='word_1_171' title='bbox 1359 1968 1405 2005; x_wconf 88' lang='lat' dir='ltr'><strong>et</strong></span> <span class='ocrx_word' id='word_1_172' title='bbox 1433 1960 1642 2004; x_wconf 87' lang='lat' dir='ltr'><strong>andando</strong></span> <span class='ocrx_word' id='word_1_173' title='bbox 1671 1960 1760 2005; x_wconf 91' lang='lat' dir='ltr'><strong>essi</strong></span> 
     </span>
     <span class='ocr_line' id='line_1_21' title="bbox 125 2038 1754 2095; baseline -0.001 -13"><span class='ocrx_word' id='word_1_174' title='bbox 125 2053 155 2082; x_wconf 87' lang='lat' dir='ltr'><strong>a</strong></span> <span class='ocrx_word' id='word_1_175' title='bbox 175 2040 318 2082; x_wconf 90' lang='lat' dir='ltr'><strong>Roma</strong></span> <span class='ocrx_word' id='word_1_176' title='bbox 339 2052 418 2094; x_wconf 90' lang='lat' dir='ltr'><strong>per</strong></span> <span class='ocrx_word' id='word_1_177' title='bbox 439 2038 470 2081; x_wconf 91' lang='lat' dir='ltr'><strong>il</strong></span> <span class='ocrx_word' id='word_1_178' title='bbox 498 2038 744 2082; x_wconf 90' lang='lat' dir='ltr'><strong>medesimo</strong></span> <span class='ocrx_word' id='word_1_179' title='bbox 771 2039 941 2091; x_wconf 87' lang='lat' dir='ltr'><strong>effetto,</strong></span> <span class='ocrx_word' id='word_1_180' title='bbox 972 2053 1165 2095; x_wconf 87' lang='lat' dir='ltr'><strong>sperauo</strong></span> <span class='ocrx_word' id='word_1_181' title='bbox 1187 2040 1273 2082; x_wconf 89' lang='lat' dir='ltr'><strong>che</strong></span> <span class='ocrx_word' id='word_1_182' title='bbox 1300 2038 1346 2080; x_wconf 94' lang='lat' dir='ltr'><strong>in</strong></span> <span class='ocrx_word' id='word_1_183' title='bbox 1375 2044 1536 2094; x_wconf 88' lang='lat' dir='ltr'><strong>questo</strong></span> <span class='ocrx_word' id='word_1_184' title='bbox 1564 2052 1590 2080; x_wconf 89' lang='lat' dir='ltr'><strong>a</strong></span> <span class='ocrx_word' id='word_1_185' title='bbox 1614 2038 1671 2081; x_wconf 93' lang='lat' dir='ltr'><strong>V.</strong></span> <span class='ocrx_word' id='word_1_186' title='bbox 1699 2039 1754 2081; x_wconf 90' lang='lat' dir='ltr'><strong>R.</strong></span> 
     </span>
    </p>
   </div>
   <div class='ocr_carea' id='block_1_7' title="bbox 127 2113 1828 2172">
    <p class='ocr_par' dir='ltr' id='par_1_8' title="bbox 127 2113 1828 2172">
     <span class='ocr_line' id='line_1_22' title="bbox 127 2113 1828 2172; baseline -0.001 -14"><span class='ocrx_word' id='word_1_187' title='bbox 127 2116 379 2160; x_wconf 89' lang='lat' dir='ltr'><strong>sarebbono</strong></span> <span class='ocrx_word' id='word_1_188' title='bbox 400 2115 533 2172; x_wconf 85' lang='lat' dir='ltr'><strong>grati.</strong></span> <span class='ocrx_word' id='word_1_189' title='bbox 558 2116 689 2160; x_wconf 91' lang='lat' dir='ltr'><strong>Delle</strong></span> <span class='ocrx_word' id='word_1_190' title='bbox 710 2116 878 2172; x_wconf 88' lang='lat' dir='ltr'><strong>parolle</strong></span> <span class='ocrx_word' id='word_1_191' title='bbox 899 2130 991 2159; x_wconf 92' lang='lat' dir='ltr'><strong>non</strong></span> <span class='ocrx_word' id='word_1_192' title='bbox 1011 2115 1073 2158; x_wconf 90' lang='lat' dir='ltr'><strong>mi</strong></span> <span class='ocrx_word' id='word_1_193' title='bbox 1094 2115 1286 2167; x_wconf 86' lang='lat' dir='ltr'><strong>ricordo,</strong></span> <span class='ocrx_word' id='word_1_194' title='bbox 1309 2122 1355 2159; x_wconf 90' lang='lat' dir='ltr'><strong>et</strong></span> <span class='ocrx_word' id='word_1_195' title='bbox 1371 2113 1607 2158; x_wconf 89' lang='lat' dir='ltr'><strong>essendoei</strong></span> <span class='ocrx_word' id='word_1_196' title='bbox 1624 2114 1759 2157; x_wconf 49' lang='lat' dir='ltr'><strong>altre»</strong></span> <span class='ocrx_word' id='word_1_197' title='bbox 1816 2125 1828 2133; x_wconf 83' lang='lat'><strong><em>‘</em></strong></span> 
     </span>
    </p>
   </div>
   <div class='ocr_carea' id='block_1_8' title="bbox 125 2192 1758 2326">
    <p class='ocr_par' dir='ltr' id='par_1_9' title="bbox 125 2192 1758 2326">
     <span class='ocr_line' id='line_1_23' title="bbox 125 2192 1754 2249; baseline -0.001 -14"><span class='ocrx_word' id='word_1_198' title='bbox 125 2198 294 2246; x_wconf 90' lang='lat' dir='ltr'><strong>mente,</strong></span> <span class='ocrx_word' id='word_1_199' title='bbox 319 2207 398 2248; x_wconf 87' lang='lat' dir='ltr'><strong>per</strong></span> <span class='ocrx_word' id='word_1_200' title='bbox 428 2199 585 2247; x_wconf 87' lang='lat' dir='ltr'><strong>questa</strong></span> <span class='ocrx_word' id='word_1_201' title='bbox 616 2192 719 2236; x_wconf 87' lang='lat' dir='ltr'><strong>dieo</strong></span> <span class='ocrx_word' id='word_1_202' title='bbox 747 2192 836 2236; x_wconf 89' lang='lat' dir='ltr'><strong>mia</strong></span> <span class='ocrx_word' id='word_1_203' title='bbox 862 2193 1007 2249; x_wconf 86' lang='lat' dir='ltr'><strong>colpa,</strong></span> <span class='ocrx_word' id='word_1_204' title='bbox 1032 2192 1328 2236; x_wconf 90' lang='lat' dir='ltr'><strong>humilmente</strong></span> <span class='ocrx_word' id='word_1_205' title='bbox 1354 2192 1588 2248; x_wconf 84' lang='lat' dir='ltr'><strong>pregando</strong></span> <span class='ocrx_word' id='word_1_206' title='bbox 1615 2192 1673 2235; x_wconf 90' lang='lat' dir='ltr'><strong>V.</strong></span> <span class='ocrx_word' id='word_1_207' title='bbox 1700 2193 1754 2234; x_wconf 89' lang='lat' dir='ltr'><strong>R.</strong></span> 
     </span>
     <span class='ocr_line' id='line_1_24' title="bbox 125 2267 1758 2326; baseline -0.001 -15"><span class='ocrx_word' id='word_1_208' title='bbox 125 2268 369 2325; x_wconf 85' lang='lat' dir='ltr'><strong>m’aggiuti</strong></span> <span class='ocrx_word' id='word_1_209' title='bbox 391 2268 745 2325; x_wconf 74' lang='lat' dir='ltr'><strong>easfigandome,</strong></span> <span class='ocrx_word' id='word_1_210' title='bbox 770 2268 891 2312; x_wconf 87' lang='lat' dir='ltr'><strong>eh&#39;io</strong></span> <span class='ocrx_word' id='word_1_211' title='bbox 912 2283 1004 2312; x_wconf 92' lang='lat' dir='ltr'><strong>non</strong></span> <span class='ocrx_word' id='word_1_212' title='bbox 1024 2268 1162 2311; x_wconf 89' lang='lat' dir='ltr'><strong>habbi</strong></span> <span class='ocrx_word' id='word_1_213' title='bbox 1178 2268 1362 2326; x_wconf 90' lang='lat' dir='ltr'><strong>impune</strong></span> <span class='ocrx_word' id='word_1_214' title='bbox 1378 2283 1458 2326; x_wconf 86' lang='lat' dir='ltr'><strong>per</strong></span> <span class='ocrx_word' id='word_1_215' title='bbox 1476 2268 1565 2311; x_wconf 87' lang='lat' dir='ltr'><strong>mia</strong></span> <span class='ocrx_word' id='word_1_216' title='bbox 1581 2267 1758 2324; x_wconf 83' lang='lat' dir='ltr'><strong>disgra-</strong></span> 
     </span>
    </p>
   </div>
   <div class='ocr_carea' id='block_1_9' title="bbox 131 2368 393 2373">
    <p class='ocr_par' dir='ltr' id='par_1_10' title="bbox 131 2368 393 2373">
     <span class='ocr_line' id='line_1_25' title="bbox 131 2368 393 2373; baseline 0 0"><span class='ocrx_word' id='word_1_217' title='bbox 131 2368 393 2373; x_wconf 95' lang='lat' dir='ltr'><strong> </strong></span> 
     </span>
    </p>
   </div>
   <div class='ocr_carea' id='block_1_10' title="bbox 120 2420 1758 3058">
    <p class='ocr_par' dir='ltr' id='par_1_11' title="bbox 199 2420 1407 2469">
     <span class='ocr_line' id='line_1_26' title="bbox 199 2420 1407 2469; baseline 0 -12"><span class='ocrx_word' id='word_1_218' title='bbox 199 2425 210 2444; x_wconf 90' lang='lat'>¹</span> <span class='ocrx_word' id='word_1_219' title='bbox 259 2423 318 2457; x_wconf 87' lang='lat' dir='ltr'><strong>Ex</strong></span> <span class='ocrx_word' id='word_1_220' title='bbox 335 2422 575 2468; x_wconf 87' lang='lat' dir='ltr'><strong>autographo</strong></span> <span class='ocrx_word' id='word_1_221' title='bbox 591 2421 631 2458; x_wconf 90' lang='lat' dir='ltr'><strong>in</strong></span> <span class='ocrx_word' id='word_1_222' title='bbox 649 2422 729 2457; x_wconf 89' lang='lat' dir='ltr'><strong>vol.</strong></span> <span class='ocrx_word' id='word_1_223' title='bbox 754 2422 800 2467; x_wconf 91' lang='lat' dir='ltr'><strong>E,</strong></span> <span class='ocrx_word' id='word_1_224' title='bbox 820 2422 934 2457; x_wconf 91' lang='lat' dir='ltr'><strong>unico</strong></span> <span class='ocrx_word' id='word_1_225' title='bbox 952 2421 1058 2466; x_wconf 84' lang='lat' dir='ltr'><strong>folio,</strong></span> <span class='ocrx_word' id='word_1_226' title='bbox 1078 2433 1122 2457; x_wconf 84' lang='lat' dir='ltr'><strong>n.</strong></span> <span class='ocrx_word' id='word_1_227' title='bbox 1144 2420 1204 2467; x_wconf 85' lang='lat'><strong>37,</strong></span> <span class='ocrx_word' id='word_1_228' title='bbox 1223 2421 1330 2469; x_wconf 89' lang='lat' dir='ltr'><strong>prius</strong></span> <span class='ocrx_word' id='word_1_229' title='bbox 1348 2422 1407 2467; x_wconf 74' lang='lat'><strong>562</strong></span> 
     </span>
    </p>

    <p class='ocr_par' dir='ltr' id='par_1_12' title="bbox 122 2479 1757 2763">
     <span class='ocr_line' id='line_1_27' title="bbox 196 2479 1757 2529; baseline 0 -13"><span class='ocrx_word' id='word_1_230' title='bbox 196 2483 210 2502; x_wconf 81' lang='lat'>²</span> <span class='ocrx_word' id='word_1_231' title='bbox 260 2481 360 2516; x_wconf 90' lang='lat' dir='ltr'><strong>Vide</strong></span> <span class='ocrx_word' id='word_1_232' title='bbox 378 2480 418 2516; x_wconf 90' lang='lat' dir='ltr'><strong>in</strong></span> <span class='ocrx_word' id='word_1_233' title='bbox 439 2479 584 2516; x_wconf 79' lang='lat' dir='ltr'><strong>cartas</strong></span> <span class='ocrx_word' id='word_1_234' title='bbox 601 2482 648 2516; x_wconf 80' lang='lat' dir='ltr'><strong>de</strong></span> <span class='ocrx_word' id='word_1_235' title='bbox 668 2481 752 2517; x_wconf 78' lang='lat' dir='ltr'><strong>San</strong></span> <span class='ocrx_word' id='word_1_236' title='bbox 771 2481 952 2528; x_wconf 78' lang='lat' dir='ltr'><strong>IgnaciO,</strong></span> <span class='ocrx_word' id='word_1_237' title='bbox 970 2486 999 2516; x_wconf 90' lang='lat' dir='ltr'><strong>t.</strong></span> <span class='ocrx_word' id='word_1_238' title='bbox 1018 2489 1075 2527; x_wconf 82' lang='lat' dir='ltr'><strong>lv,</strong></span> <span class='ocrx_word' id='word_1_239' title='bbox 1092 2492 1182 2528; x_wconf 88' lang='lat' dir='ltr'><strong>pag.</strong></span> <span class='ocrx_word' id='word_1_240' title='bbox 1201 2480 1374 2528; x_wconf 87' lang='lat'><strong>376-379,</strong></span> <span class='ocrx_word' id='word_1_241' title='bbox 1391 2493 1491 2529; x_wconf 91' lang='lat' dir='ltr'><strong>quae</strong></span> <span class='ocrx_word' id='word_1_242' title='bbox 1516 2481 1620 2516; x_wconf 90' lang='lat' dir='ltr'><strong>Patri</strong></span> <span class='ocrx_word' id='word_1_243' title='bbox 1638 2480 1757 2516; x_wconf 88' lang='lat' dir='ltr'><strong>Villa-</strong></span> 
     </span>
     <span class='ocr_line' id='line_1_28' title="bbox 125 2539 1756 2587; baseline -0.001 -12"><span class='ocrx_word' id='word_1_244' title='bbox 125 2551 254 2575; x_wconf 89' lang='lat' dir='ltr'><strong>nueva</strong></span> <span class='ocrx_word' id='word_1_245' title='bbox 272 2539 462 2575; x_wconf 88' lang='lat' dir='ltr'><strong>Polancus</strong></span> <span class='ocrx_word' id='word_1_246' title='bbox 491 2539 659 2587; x_wconf 85' lang='lat' dir='ltr'><strong>scripsit.</strong></span> <span class='ocrx_word' id='word_1_247' title='bbox 678 2540 797 2575; x_wconf 90' lang='lat' dir='ltr'><strong>Porro</strong></span> <span class='ocrx_word' id='word_1_248' title='bbox 821 2540 1019 2587; x_wconf 88' lang='lat' dir='ltr'><strong>exemplar</strong></span> <span class='ocrx_word' id='word_1_249' title='bbox 1044 2540 1194 2575; x_wconf 89' lang='lat' dir='ltr'><strong>illarum</strong></span> <span class='ocrx_word' id='word_1_250' title='bbox 1217 2540 1435 2576; x_wconf 87' lang='lat' dir='ltr'><strong>litterarum</strong></span> <span class='ocrx_word' id='word_1_251' title='bbox 1460 2539 1620 2575; x_wconf 90' lang='lat' dir='ltr'><strong>missum</strong></span> <span class='ocrx_word' id='word_1_252' title='bbox 1638 2539 1756 2575; x_wconf 87' lang='lat' dir='ltr'><strong>etiam</strong></span> 
     </span>
     <span class='ocr_line' id='line_1_29' title="bbox 124 2597 1757 2646; baseline -0.001 -12"><span class='ocrx_word' id='word_1_253' title='bbox 124 2597 247 2634; x_wconf 78' lang='lat' dir='ltr'><strong>fuisse</strong></span> <span class='ocrx_word' id='word_1_254' title='bbox 265 2597 395 2634; x_wconf 89' lang='lat' dir='ltr'><strong>italico</strong></span> <span class='ocrx_word' id='word_1_255' title='bbox 414 2609 592 2634; x_wconf 89' lang='lat' dir='ltr'><strong>sermone</strong></span> <span class='ocrx_word' id='word_1_256' title='bbox 611 2598 696 2634; x_wconf 90' lang='lat' dir='ltr'><strong>aliis</strong></span> <span class='ocrx_word' id='word_1_257' title='bbox 715 2598 923 2635; x_wconf 91' lang='lat' dir='ltr'><strong>Societatis</strong></span> <span class='ocrx_word' id='word_1_258' title='bbox 941 2598 1131 2645; x_wconf 85' lang='lat' dir='ltr'><strong>collegiis,</strong></span> <span class='ocrx_word' id='word_1_259' title='bbox 1151 2610 1220 2646; x_wconf 88' lang='lat' dir='ltr'><strong>pro</strong></span> <span class='ocrx_word' id='word_1_260' title='bbox 1238 2605 1346 2635; x_wconf 87' lang='lat' dir='ltr'><strong>certo</strong></span> <span class='ocrx_word' id='word_1_261' title='bbox 1371 2598 1757 2635; x_wconf 86' lang='lat' dir='ltr'><strong>habemus.—Ferdi-</strong></span> 
     </span>
     <span class='ocr_line' id='line_1_30' title="bbox 126 2657 1757 2704; baseline -0.001 -11"><span class='ocrx_word' id='word_1_262' title='bbox 126 2657 243 2693; x_wconf 90' lang='lat' dir='ltr'><strong>nandi</strong></span> <span class='ocrx_word' id='word_1_263' title='bbox 262 2662 406 2701; x_wconf 90' lang='lat' dir='ltr'><strong>autem,</strong></span> <span class='ocrx_word' id='word_1_264' title='bbox 426 2657 530 2703; x_wconf 88' lang='lat' dir='ltr'><strong>regis</strong></span> <span class='ocrx_word' id='word_1_265' title='bbox 554 2667 812 2703; x_wconf 88' lang='lat' dir='ltr'><strong>romanorum,</strong></span> <span class='ocrx_word' id='word_1_266' title='bbox 837 2657 988 2694; x_wconf 87' lang='lat' dir='ltr'><strong>litteras</strong></span> <span class='ocrx_word' id='word_1_267' title='bbox 1015 2657 1063 2692; x_wconf 89' lang='lat' dir='ltr'><strong>ad</strong></span> <span class='ocrx_word' id='word_1_268' title='bbox 1091 2657 1217 2694; x_wconf 89' lang='lat' dir='ltr'><strong>Stum.</strong></span> <span class='ocrx_word' id='word_1_269' title='bbox 1246 2657 1441 2704; x_wconf 85' lang='lat' dir='ltr'><strong>Ignatium</strong></span> <span class='ocrx_word' id='word_1_270' title='bbox 1466 2658 1637 2704; x_wconf 88' lang='lat' dir='ltr'><strong>reperies</strong></span> <span class='ocrx_word' id='word_1_271' title='bbox 1655 2658 1757 2692; x_wconf 87' lang='lat' dir='ltr'><strong>inter</strong></span> 
     </span>
     <span class='ocr_line' id='line_1_31' title="bbox 122 2715 832 2763; baseline 0 -11"><span class='ocrx_word' id='word_1_272' title='bbox 122 2716 238 2763; x_wconf 89' lang='lat' dir='ltr'><strong>hujus</strong></span> <span class='ocrx_word' id='word_1_273' title='bbox 259 2715 418 2758; x_wconf 82' lang='lat' dir='ltr'><strong>Cartas,</strong></span> <span class='ocrx_word' id='word_1_274' title='bbox 434 2716 460 2751; x_wconf 87' lang='lat' dir='ltr'><strong>l.</strong></span> <span class='ocrx_word' id='word_1_275' title='bbox 480 2728 527 2758; x_wconf 87' lang='lat' dir='ltr'><strong>c.,</strong></span> <span class='ocrx_word' id='word_1_276' title='bbox 547 2727 638 2763; x_wconf 86' lang='lat' dir='ltr'><strong>pag.</strong></span> <span class='ocrx_word' id='word_1_277' title='bbox 664 2715 832 2761; x_wconf 86' lang='lat'><strong>532—533.</strong></span> 
     </span>
    </p>

    <p class='ocr_par' dir='ltr' id='par_1_13' title="bbox 120 2774 1758 3058">
     <span class='ocr_line' id='line_1_32' title="bbox 194 2774 1751 2823; baseline 0 -14"><span class='ocrx_word' id='word_1_278' title='bbox 194 2776 208 2796; x_wconf 82' lang='lat'><strong>³</strong></span> <span class='ocrx_word' id='word_1_279' title='bbox 258 2775 366 2810; x_wconf 89' lang='lat' dir='ltr'><strong>Haec</strong></span> <span class='ocrx_word' id='word_1_280' title='bbox 384 2774 549 2820; x_wconf 85' lang='lat' dir='ltr'><strong>legimus</strong></span> <span class='ocrx_word' id='word_1_281' title='bbox 573 2774 622 2809; x_wconf 86' lang='lat' dir='ltr'><strong>de</strong></span> <span class='ocrx_word' id='word_1_282' title='bbox 650 2775 833 2811; x_wconf 86' lang='lat' dir='ltr'><strong>Petronio</strong></span> <span class='ocrx_word' id='word_1_283' title='bbox 856 2775 959 2822; x_wconf 89' lang='lat' dir='ltr'><strong>apud</strong></span> <span class='ocrx_word' id='word_1_284' title='bbox 983 2776 1202 2822; x_wconf 78' lang='lat' dir='ltr'>POLANCO,</span> <span class='ocrx_word' id='word_1_285' title='bbox 1226 2781 1255 2811; x_wconf 88' lang='lat' dir='ltr'><strong>t.</strong></span> <span class='ocrx_word' id='word_1_286' title='bbox 1281 2785 1337 2820; x_wconf 78' lang='grc' dir='ltr'><strong>ιν,</strong></span> <span class='ocrx_word' id='word_1_287' title='bbox 1363 2786 1455 2823; x_wconf 82' lang='lat' dir='ltr'><strong>pag.</strong></span> <span class='ocrx_word' id='word_1_288' title='bbox 1489 2783 1570 2821; x_wconf 87' lang='grc'>145,</span> <span class='ocrx_word' id='word_1_289' title='bbox 1595 2787 1638 2810; x_wconf 88' lang='lat' dir='ltr'><strong>n.</strong></span> <span class='ocrx_word' id='word_1_290' title='bbox 1668 2783 1751 2820; x_wconf 86' lang='lat'>291:</span> 
     </span>
     <span class='ocr_line' id='line_1_33' title="bbox 122 2832 1758 2882; baseline 0.001 -15"><span class='ocrx_word' id='word_1_291' title='bbox 122 2834 235 2880; x_wconf 87' lang='lat' dir='ltr'><strong>«Jam</strong></span> <span class='ocrx_word' id='word_1_292' title='bbox 253 2834 302 2869; x_wconf 94' lang='lat' dir='ltr'><strong>ab</strong></span> <span class='ocrx_word' id='word_1_293' title='bbox 320 2832 430 2869; x_wconf 91' lang='lat' dir='ltr'><strong>initio</strong></span> <span class='ocrx_word' id='word_1_294' title='bbox 448 2833 538 2868; x_wconf 91' lang='lat' dir='ltr'><strong>anni</strong></span> <span class='ocrx_word' id='word_1_295' title='bbox 552 2833 709 2879; x_wconf 90' lang='lat' dir='ltr'><strong>juvenis</strong></span> <span class='ocrx_word' id='word_1_296' title='bbox 727 2833 882 2881; x_wconf 88' lang='lat' dir='ltr'><strong>quidam</strong></span> <span class='ocrx_word' id='word_1_297' title='bbox 901 2834 949 2869; x_wconf 90' lang='lat' dir='ltr'><strong>ad</strong></span> <span class='ocrx_word' id='word_1_298' title='bbox 966 2833 1234 2882; x_wconf 86' lang='lat' dir='ltr'><strong>probationem</strong></span> <span class='ocrx_word' id='word_1_299' title='bbox 1253 2841 1314 2871; x_wconf 91' lang='lat' dir='ltr'><strong>est</strong></span> <span class='ocrx_word' id='word_1_300' title='bbox 1331 2835 1537 2878; x_wconf 81' lang='lat' dir='ltr'><strong>admissus,</strong></span> <span class='ocrx_word' id='word_1_301' title='bbox 1558 2839 1598 2869; x_wconf 90' lang='lat' dir='ltr'><strong>et</strong></span> <span class='ocrx_word' id='word_1_302' title='bbox 1611 2833 1650 2869; x_wconf 91' lang='lat' dir='ltr'><strong>in</strong></span> <span class='ocrx_word' id='word_1_303' title='bbox 1667 2845 1758 2880; x_wconf 90' lang='lat' dir='ltr'><strong>pro-</strong></span> 
     </span>
     <span class='ocr_line' id='line_1_34' title="bbox 120 2892 1753 2940; baseline 0.001 -12"><span class='ocrx_word' id='word_1_304' title='bbox 120 2904 262 2939; x_wconf 87' lang='lat' dir='ltr'><strong>gressu</strong></span> <span class='ocrx_word' id='word_1_305' title='bbox 286 2894 397 2936; x_wconf 86' lang='lat' dir='ltr'><strong>alter,</strong></span> <span class='ocrx_word' id='word_1_306' title='bbox 423 2892 489 2939; x_wconf 91' lang='lat' dir='ltr'><strong>qui</strong></span> <span class='ocrx_word' id='word_1_307' title='bbox 513 2892 718 2939; x_wconf 89' lang='lat' dir='ltr'><strong>perusinus</strong></span> <span class='ocrx_word' id='word_1_308' title='bbox 742 2903 819 2928; x_wconf 90' lang='lat' dir='ltr'><strong>non</strong></span> <span class='ocrx_word' id='word_1_309' title='bbox 843 2899 940 2938; x_wconf 89' lang='lat' dir='ltr'><strong>erat,</strong></span> <span class='ocrx_word' id='word_1_310' title='bbox 965 2893 1035 2929; x_wconf 89' lang='lat' dir='ltr'><strong>sed</strong></span> <span class='ocrx_word' id='word_1_311' title='bbox 1059 2893 1325 2940; x_wconf 85' lang='lat' dir='ltr'><strong>pisauriensis,</strong></span> <span class='ocrx_word' id='word_1_312' title='bbox 1351 2893 1556 2930; x_wconf 86' lang='lat' dir='ltr'><strong>Petronius</strong></span> <span class='ocrx_word' id='word_1_313' title='bbox 1581 2893 1753 2939; x_wconf 86' lang='lat' dir='ltr'><strong>nomine,</strong></span> 
     </span>
     <span class='ocr_line' id='line_1_35' title="bbox 125 2950 1756 3000; baseline 0 -13"><span class='ocrx_word' id='word_1_314' title='bbox 125 2953 191 2999; x_wconf 93' lang='lat' dir='ltr'><strong>qui</strong></span> <span class='ocrx_word' id='word_1_315' title='bbox 208 2952 304 2987; x_wconf 90' lang='lat' dir='ltr'><strong>alios</strong></span> <span class='ocrx_word' id='word_1_316' title='bbox 322 2950 463 2987; x_wconf 90' lang='lat' dir='ltr'><strong>deinde</strong></span> <span class='ocrx_word' id='word_1_317' title='bbox 482 2950 621 2986; x_wconf 82' lang='lat' dir='ltr'><strong>fratres</strong></span> <span class='ocrx_word' id='word_1_318' title='bbox 638 2950 687 2986; x_wconf 92' lang='lat' dir='ltr'><strong>ad</strong></span> <span class='ocrx_word' id='word_1_319' title='bbox 704 2950 942 2987; x_wconf 89' lang='lat' dir='ltr'><strong>Societatem</strong></span> <span class='ocrx_word' id='word_1_320' title='bbox 961 2952 1129 2996; x_wconf 82' lang='lat' dir='ltr'><strong>voeavit3</strong></span> <span class='ocrx_word' id='word_1_321' title='bbox 1149 2954 1326 3000; x_wconf 89' lang='lat' dir='ltr'><strong>quamvis</strong></span> <span class='ocrx_word' id='word_1_322' title='bbox 1345 2965 1393 2989; x_wconf 86' lang='lat' dir='ltr'><strong>ex</strong></span> <span class='ocrx_word' id='word_1_323' title='bbox 1412 2953 1536 2988; x_wconf 87' lang='lat' dir='ltr'><strong>tribus</strong></span> <span class='ocrx_word' id='word_1_324' title='bbox 1551 2963 1650 2988; x_wconf 90' lang='lat' dir='ltr'><strong>unus</strong></span> <span class='ocrx_word' id='word_1_325' title='bbox 1671 2957 1756 2988; x_wconf 86' lang='lat' dir='ltr'><strong>tan-</strong></span> 
     </span>
     <span class='ocr_line' id='line_1_36' title="bbox 123 3009 1327 3058; baseline -0.001 -12"><span class='ocrx_word' id='word_1_326' title='bbox 123 3015 208 3046; x_wconf 85' lang='lat' dir='ltr'><strong>tum</strong></span> <span class='ocrx_word' id='word_1_327' title='bbox 226 3022 315 3046; x_wconf 89' lang='lat' dir='ltr'><strong>cum</strong></span> <span class='ocrx_word' id='word_1_328' title='bbox 333 3011 417 3057; x_wconf 90' lang='lat' dir='ltr'><strong>ipso</strong></span> <span class='ocrx_word' id='word_1_329' title='bbox 435 3009 617 3045; x_wconf 86' lang='lat' dir='ltr'><strong>Petronio</strong></span> <span class='ocrx_word' id='word_1_330' title='bbox 635 3021 758 3057; x_wconf 90' lang='lat' dir='ltr'><strong>usque</strong></span> <span class='ocrx_word' id='word_1_331' title='bbox 775 3009 824 3045; x_wconf 90' lang='lat' dir='ltr'><strong>ad</strong></span> <span class='ocrx_word' id='word_1_332' title='bbox 843 3016 1005 3046; x_wconf 89' lang='lat' dir='ltr'><strong>mortem</strong></span> <span class='ocrx_word' id='word_1_333' title='bbox 1019 3012 1327 3058; x_wconf 86' lang='lat' dir='ltr'><strong>perseveravit.»</strong></span> 
     </span>
    </p>
   </div>
  </div>
 </body>
</html>
