2054 3496
282 278 330 314 62
771 277 1010 313 EPISTOLAE
1035 268 1326 322 M1XTAE-76'4

234 394 387 424 semus
408 380 437 422 ¹.
458 380 559 423 Hac
575 379 632 423 de
648 393 696 423 re
714 380 880 423 R,mum
897 385 1102 422 nostrum
1119 377 1507 435 archiepiscopum
1526 379 1541 399 ²
1561 378 1869 434 accessissem,

233 457 314 501 sed
336 455 618 513 indispositio
640 455 756 500 aeris
787 457 936 500 adhuc
957 454 1210 512 impediuit,
1236 455 1431 498 maxima
1454 455 1573 500 enim
1596 455 1715 499 niuis
1743 457 1872 514 copia

235 533 370 577 modo
400 532 474 576 hic
506 539 590 587 est,
625 539 671 578 et
703 527 848 590 frigus
869 532 1049 590 ingens,
1084 531 1147 575 ita
1173 538 1224 574 vt
1255 531 1352 575 sine
1383 531 1585 588 periculo
1610 546 1706 575 non
1737 532 1872 578 liceat

236 611 371 654 modo
391 610 585 653 multum
606 609 846 667 proficisci.

326 686 510 730 Interim
552 686 735 742 quidam
772 685 950 730 iuuenis
998 684 1243 730 leodiensis
1287 697 1339 728 21
1396 699 1638 738 annorum,
1687 687 1868 732 nomine

237 764 517 817 Leonardus,
570 763 853 807 naturalibus
890 764 1008 807 bene
1033 762 1230 813 dotatus,
1266 761 1518 804 sacellarius
1551 761 1697 805 sancti
1730 764 1867 807 Lam—

233 840 367 895 berti,
397 855 489 884 non
523 847 676 884 tamen
707 841 934 892 sacerdos,
962 839 1043 882 sed
1074 844 1197 882 totus
1224 838 1497 891 mundanus,
1528 839 1585 882 ad
1615 853 1699 882 nos
1725 839 1865 894 venit,

233 917 311 974 qui
332 932 422 961 vno
444 924 523 961 aut
546 918 685 961 altero
708 916 932 972 colloquio
955 921 1078 958 totus
1100 921 1169 959 est
1189 914 1247 957 ad
1263 914 1447 958 meliora
1463 921 1680 968 mutatus,
1706 915 1769 959 nil
1785 931 1868 961 cu-

231 994 361 1051 piens
392 993 586 1050 amplius
615 1008 749 1050 quam
781 993 1001 1035 mundum
1034 991 1290 1048 relinquere
1322 997 1368 1036 et
1394 991 1480 1035 X.⁰
1512 991 1694 1036 domino
1724 992 1870 1037 inser-

231 1071 344 1116 uire.
371 1073 480 1114 Post
503 1070 601 1115 dies
622 1070 793 1125 aliquot
815 1068 984 1125 incepit
1006 1067 1211 1112 confiteri
1233 1074 1280 1111 et
1301 1068 1652 1123 communicare,
1686 1071 1869 1115 tandem

232 1148 338 1192 fecit
365 1148 623 1205 generalem
655 1145 1002 1200 confessionem,
1038 1133 1123 1190 nec
1145 1144 1268 1189 aliud
1300 1145 1440 1202 cupit,
1467 1160 1602 1202 quam
1635 1161 1685 1191 se
1718 1154 1866 1191 totum

231 1224 446 1271 Societati
468 1225 589 1278 dare,
615 1230 664 1266 vt
686 1225 811 1277 X.m,
837 1237 972 1279 quem
994 1236 1102 1280 sepe
1124 1222 1327 1275 offendit,
1353 1222 1438 1266 sibi
1459 1223 1726 1267 lucrifaciat.
1754 1225 1867 1268 Post

230 1316 388 1359 preces
419 1302 585 1344 multas
617 1300 871 1358 recepimus
892 1315 996 1345 eum
1018 1300 1066 1344 in
1097 1301 1246 1354 domo3
1272 1300 1409 1354 habet
1447 1300 1567 1345 enim
1604 1300 1714 1344 satis
1747 1307 1797 1344 vt
1817 1301 1865 1345 in

230 1378 392 1422 studiis
413 1393 461 1422 se
482 1385 721 1422 sustentet.
748 1379 798 1421 In
820 1377 1033 1434 operibus
1049 1376 1315 1421 humilitatis
1330 1383 1376 1420 et
1393 1377 1625 1421 charitatis
1646 1392 1863 1435 magnum

228 1456 336 1499 facit
355 1456 624 1512 profectum:
652 1462 720 1500 est
742 1455 799 1498 ad
821 1454 971 1498 omnia
998 1453 1324 1511 paratissimus.
1358 1455 1439 1497 Est
1469 1461 1514 1497 et
1546 1453 1660 1498 alius
1687 1455 1862 1498 studio-

225 1547 319 1586 sus,
345 1532 474 1578 diues
496 1532 754 1585 admodum,
780 1532 869 1575 iam
886 1531 1225 1589 promouendus
1242 1531 1288 1574 in
1306 1530 1493 1584 artibus,
1515 1531 1591 1587 qui
1613 1531 1725 1575 nihil
1740 1532 1862 1576 aliud
1928 1522 1934 1526 ’

225 1609 362 1654 etiam
384 1610 524 1666 cupit,
551 1624 685 1666 quam
707 1623 756 1652 se
785 1615 930 1652 totum
952 1608 1037 1652 Χ.0
1060 1615 1104 1652 et
1126 1607 1343 1654 Societati
1364 1608 1487 1662 dare,
1514 1608 1587 1652 cui
1615 1608 1703 1653 iam
1730 1608 1860 1653 breui

226 1686 435 1730 dabimus
457 1686 605 1742 aliqua
627 1685 856 1731 exercitia.

313 1765 381 1807 M.
421 1765 621 1821 Joannes
663 1765 720 1808 de
757 1764 985 1815 Cathena,
1026 1761 1318 1817 coloniensis,
1357 1769 1514 1806 votum
1556 1762 1847 1817 scholarium,

224 1840 361 1895 quod,
386 1855 458 1883 me
490 1840 736 1893 nesciente,
773 1839 895 1894 fecit,
920 1839 1009 1883 iam
1040 1841 1172 1883 offert
1193 1839 1304 1882 illud
1333 1841 1385 1883 P.
1423 1841 1500 1892 V.,
1527 1846 1575 1882 vt
1606 1855 1687 1884 sue
1707 1840 1853 1894 litere,

222 1917 281 1959 ad
303 1918 353 1959 Ρ.
377 1918 434 1960 V.
460 1916 641 1973 scripte,
668 1923 907 1960 testantur.
933 1915 1229 1961 Naturalibus
1249 1917 1366 1961 bene
1383 1918 1565 1961 dotatus
1587 1924 1670 1964 est.
1693 1919 1743 1962 In
1760 1918 1857 1964 dies

221 1992 269 2035 in
295 2008 380 2036 suo
412 1994 531 2036 bono
562 1993 794 2050 proposito
826 1993 972 2050 magis
1003 1993 1244 2046 stabilitur,
1279 2001 1325 2038 et
1357 2008 1575 2051 magnum
1601 1995 1855 2051 profectum

221 2069 343 2123 facit3
370 2070 503 2114 etiam
526 2086 609 2114 sua
631 2070 781 2114 studia
802 2070 1044 2127 diligenter
1068 2077 1246 2114 tractat.

307 2146 457 2190 Vicini
489 2148 629 2190 nostri
661 2147 707 2190 in
729 2147 826 2191 dies
858 2147 1010 2201 etiam,
1035 2147 1082 2190 in
1103 2146 1348 2190 virtutibus
1380 2148 1633 2203 profectum
1657 2147 1845 2202 faciunt,

218 2237 399 2266 omnem
421 2224 776 2280 superfluitatem
798 2224 844 2267 in
866 2223 1070 2267 vestibus
1093 2230 1139 2268 et
1161 2223 1258 2267 aliis
1290 2223 1337 2266 in
1359 2224 1495 2268 rebus
1526 2238 1619 2267 non
1640 2238 1852 2269 necessa-

217 2299 294 2344 riis
316 2301 372 2343 ad
394 2300 517 2356 pium
541 2316 670 2344 vsum
694 2307 983 2345 conuertunt:
1009 2299 1170 2345 diebus
1192 2300 1428 2343 dominicis
1450 2315 1623 2344 sacram
1644 2315 1852 2345 commu—

215 2376 395 2420 nionem
420 2378 723 2433 frequentant,
749 2384 809 2430 et,
836 2377 929 2433 qui,
956 2377 1199 2433 aliquando
1221 2377 1367 2434 magis
1389 2379 1558 2421 mundo
1575 2377 1847 2432 seruierunt,

215 2454 510 2498 feruentiores
541 2454 588 2497 in
610 2453 688 2497 X.i
714 2453 900 2498 seruitio
921 2454 1055 2497 modo
1087 2461 1351 2506 cernuntur,
1387 2461 1433 2497 et
1465 2454 1542 2510 qui
1572 2461 1677 2498 ante
1706 2469 1850 2499 annos

213 2529 382 2585 aliquot
405 2530 450 2573 in
473 2530 826 2574 bacchanalibus
849 2531 996 2574 solent
1018 2530 1212 2575 maxime
1234 2530 1390 2574 mundi
1411 2531 1687 2575 vanitatibus
1708 2531 1847 2574 dediti

212 2620 326 2659 esse,
352 2606 449 2650 istis
471 2606 822 2651 bacchanalibus
843 2607 890 2650 in
918 2606 1080 2661 cilicio,
1111 2607 1388 2663 poenitentia
1417 2615 1460 2652 et
1490 2607 1535 2650 in
1564 2607 1845 2651 orationibus

213 2697 313 2727 sese
334 2691 651 2737 exercuerunt,
677 2699 769 2727 non
791 2691 946 2727 nostro
968 2683 1112 2737 iussu,
1138 2685 1217 2727 sed
1238 2684 1346 2727 boni
1364 2684 1547 2740 spiritus
1564 2685 1686 2727 haud
1706 2684 1845 2730 dubie

210 2759 444 2814 instinctu,
470 2761 705 2818 cupientes
727 2776 810 2819 pro
827 2761 1144 2818 peccatoribus
1160 2760 1457 2817 penitentiam
1475 2775 1611 2818 agere
1629 2760 1840 2818 aliquam,

283 2903 292 2923 ¹
344 2902 441 2937 Rem
471 2902 692 2949 hujusmodi
726 2904 929 2950 probatam
963 2902 1086 2939 fuisse
1118 2902 1285 2948 Ignatio,
1320 2906 1473 2938 constat
1508 2914 1556 2937 ex
1589 2888 1842 2950 responsione

208 2959 256 2995 P.
283 2961 441 2996 Polanci
460 2962 508 2997 ad
525 2962 762 3007 Kesselium,
781 2974 897 3010 quam
922 2963 1043 2998 habes
1061 2961 1102 2997 in
1121 2961 1330 3004 Chronico,
1350 2966 1379 2998 t.
1398 2970 1454 3008 1v,
1478 2973 1567 3008 pag.
1594 2970 1679 3009 271,
1698 2974 1736 2998 n.
1756 2961 1838 3009 582,

209 3025 346 3055 annot.
376 3029 407 3054 1.

278 3082 291 3100 '-'
343 3079 546 3126 Adolphus
564 3080 621 3115 III
640 3092 717 3116 von
737 3081 1033 3127 Schauenburg,
1053 3079 1366 3128 archiepiscopus
1385 3079 1637 3116 coloniensis.
