2014 3476
276 297 343 334 174
779 289 1019 331 EP1STOLAE
1045 286 1337 323 MxxrAE-808

222 392 370 449 grado
401 395 497 435 mas
526 391 633 444 alto,
665 390 824 435 siendo
851 396 1041 435 nuestro
1069 391 1217 435 Sefior
1246 404 1328 446 por
1355 389 1504 433 medio
1527 391 1584 434 de
1605 391 1663 435 V.
1691 393 1744 435 P.
1770 405 1869 435 ser-

222 468 349 524 vido,
374 484 404 526 y
426 484 454 514 e
473 470 619 525 hecho
640 468 685 511 lo
707 482 795 524 que
816 482 875 511 va
895 481 952 511 en
975 467 1019 511 la
1039 467 1145 531 hoja
1166 467 1295 512 deste
1317 465 1487 524 pliego,
1512 468 1704 511 firmado
1726 468 1783 512 de
1805 468 1867 512 mi

221 547 428 591 nombre.
462 545 633 602 Quieto
662 559 753 601 que
786 558 895 602 sepa
923 558 1013 600 que
1040 557 1101 587 no
1132 558 1206 589 me
1234 544 1343 588 salta
1370 558 1454 600 paz
1475 559 1505 601 y
1533 544 1729 600 quietud
1745 560 1806 590 en
1825 546 1869 590 el

221 623 383 670 estado
406 637 496 679 que
518 629 678 679 tengo,
703 636 733 679 y
755 636 844 677 que
865 635 983 678 poco
1012 620 1059 664 ni
1087 622 1254 676 mucho
1276 635 1336 664 no
1363 621 1502 666 deseo
1529 621 1636 665 salir
1655 622 1755 676 del;
1771 637 1868 667 mas

221 701 412 747 estando
434 716 492 746 en
514 700 572 752 el,
597 700 804 756 bolgaria
825 713 915 755 que
936 713 986 743 se
1007 697 1180 754 hiciese
1199 711 1319 753 esso,
1342 713 1373 755 y
1395 712 1485 754 que
1507 700 1565 743 V.
1588 701 1642 743 Ρ.
1667 700 1714 743 10
1731 713 1868 757 acep-

221 785 320 823 tase
346 793 376 835 y
403 776 645 834 ofresciese
672 791 730 821 en
758 777 802 820 la
828 775 997 832 primer
1025 774 1141 819 misa
1167 778 1195 819 a
1221 782 1409 819 nuestro
1437 777 1601 830 Senor,
1631 791 1663 832 y
1689 791 1795 833 que,
1828 776 1867 820 si

223 855 379 900 uviere
398 856 547 912 lugar,
573 869 621 897 se
649 855 786 910 haga;
810 868 842 910 y
872 856 973 897 sera
1001 867 1110 909 para
1130 855 1192 895 mi
1214 853 1257 896 la
1278 867 1437 910 mayor
1457 853 1616 911 gracia
1634 868 1723 910 que
1745 869 1803 899 en
1824 854 1866 900 el

221 933 393 977 mundo
422 947 472 977 se
499 931 648 988 pueda
674 931 826 986 hacer.
859 930 900 972 Y
923 929 961 973 si
989 943 1049 972 no
1070 929 1198 983 eabe,
1224 928 1271 972 ni
1293 944 1342 973 es
1363 944 1474 974 cosa
1501 931 1740 987 hacedera,
1763 931 1866 975 hol-

219 1013 332 1068 gare
358 1009 492 1062 dello,
517 1024 545 1065 y
569 1008 767 1064 quedare
789 1021 880 1050 con
906 1007 950 1050 13
978 1021 1152 1051 mesma
1174 1021 1256 1063 paz
1283 1022 1314 1063 y
1341 1014 1574 1061 contento,
1601 1022 1733 1052 como
1754 1008 1793 1052 si
1815 1022 1866 1053 se

216 1087 401 1144 hiciera3
432 1099 607 1143 porque
634 1087 684 1129 se
712 1098 801 1140 que
829 1084 1011 1128 delante
1040 1084 1098 1129 de
1121 1091 1309 1128 nuestro
1338 1085 1487 1129 Sefior
1508 1085 1690 1129 bastara
1717 1086 1759 1128 13
1781 1099 1864 1129 vo-

217 1165 378 1209 luntad
398 1167 487 1207 mia
509 1162 805 1206 conformada
826 1165 854 1205 ό
876 1161 1105 1205 mostrada
1128 1175 1215 1205 con
1236 1161 1280 1205 13
1301 1162 1412 1206 obt-a
1433 1166 1460 1205 a
1482 1165 1542 1205 mi
1566 1161 1756 1218 posible.

309 1243 377 1286 Lo
395 1256 483 1298 que
501 1240 676 1296 suplico
694 1243 720 1282 3
737 1240 795 1283 V.
817 1241 871 1283 P.
892 1253 958 1293 es,
980 1252 1071 1295 que
1087 1253 1161 1283 me
1177 1239 1343 1284 mande
1364 1240 1612 1296 responder
1632 1240 1679 1283 lo
1701 1254 1791 1297 que
1806 1254 1864 1284 οη

217 1319 306 1363 0110
337 1317 656 1371 determinare,
691 1331 721 1373 y
752 1330 842 1372 que
874 1330 923 1360 se
954 1316 1151 1360 acuerde
1181 1316 1239 1360 de
1269 1319 1331 1359 mi
1361 1331 1425 1360 env
1451 1331 1530 1360 sus
1558 1316 1809 1372 oraciones,
1834 1332 1865 1374 y

219 1396 384 1440 mande
406 1410 464 1440 en
486 1409 597 1438 casa
613 1398 639 1436 a
660 1394 728 1437 los
749 1394 991 1436 hermanos
1014 1407 1086 1436 me
1108 1392 1439 1438 encomienden
1457 1408 1515 1438 en
1533 1407 1612 1437 sus
1629 1393 1865 1450 oraciones

217 1489 247 1530 y
275 1472 537 1527 sacrificios,
570 1484 758 1527 porque,
793 1484 973 1526 avnque
999 1469 1208 1527 indigfio,
1240 1485 1298 1515 en
1325 1471 1370 1514 13
1396 1485 1569 1515 mesma
1597 1471 1791 1515 moneda
1819 1471 1865 1515 10

219 1565 341 1608 pago
364 1565 422 1606 yo
444 1548 628 1592 contino
649 1548 677 1590 ².

310 1628 508 1671 Nuestro
529 1627 677 1670 Sefior
699 1633 946 1681 augmente
967 1639 1026 1668 en
1043 1625 1100 1669 V.
1124 1625 1176 1668 P.
1198 1625 1265 1668 las
1286 1623 1466 1681 gracias
1486 1640 1516 1681 y
1533 1625 1679 1670 dones
1697 1639 1786 1682 que
1803 1639 1864 1682 yo

218 1705 372 1749 deseo.
399 1705 469 1747 De
492 1702 651 1745 Alcala
668 1715 769 1744 xvn
794 1701 850 1744 (10
872 1702 1008 1757 Mayo
1030 1701 1088 1745 de
1116 1711 1242 1756 1554.
1269 1700 1431 1746 Siervo
1452 1702 1510 1747 de
1533 1703 1590 1746 V.
1619 1705 1694 1756 Ρ.,

1008 1779 1309 1823 LICENCIADO
1331 1781 1621 1824 MARTYNEZ.

987 1890 1087 1985 Jtis.

307 2024 418 2069 Dios
441 2027 547 2076 mio,
573 2037 602 2079 y
624 2028 758 2066 sefior
779 2025 887 2074 miO,
913 2037 942 2078 y
965 2022 1025 2064 mi
1047 2021 1239 2066 criador:
1266 2023 1353 2077 Yo,
1373 2023 1416 2067 01
1436 2023 1688 2078 licenciado
1710 2024 1864 2083 Diego

221 2105 457 2153 Martinez,
490 2099 651 2145 vecino
679 2099 737 2143 de
765 2099 807 2142 13
835 2098 941 2142 villa
969 2099 1027 2143 de
1056 2100 1217 2143 Alcala
1244 2101 1302 2143 de
1330 2102 1556 2155 Henares,
1592 2116 1774 2158 avnque
1804 2116 1863 2146 οη

219 2180 330 2224 todo
351 2193 425 2223 me
446 2178 566 2221 hallo
587 2175 906 2233 indigfn'ssimo
928 2177 1125 2233 pecador
1146 2192 1255 2233 para
1277 2184 1587 2234 presentarme
1608 2178 1790 2223 delante
1807 2180 1864 2224 de

218 2272 317 2310 vos,
343 2271 440 2300 mas
462 2254 791 2298 considerando
813 2259 999 2297 vuestra
1020 2253 1242 2298 immensa
1263 2254 1591 2309 misericordia,
1616 2270 1703 2300 0οη
1725 2257 1864 2301 deseo

218 2335 278 2380 de
304 2333 500 2378 servitos
530 2330 759 2376 mediante
786 2331 828 2374 la
857 2330 1012 2387 gracia
1038 2338 1238 2385 vuestra,
1273 2333 1395 2389 hago
1417 2339 1525 2376 voto
1545 2347 1576 2389 y
1603 2347 1815 2390 promesa
1836 2338 1863 2378 a

288 2499 302 2518 ²
355 2494 412 2529 En
429 2492 523 2541 quid
541 2490 668 2527 tradat
684 2489 734 2526 de
753 2495 910 2526 auctore
934 2490 1050 2537 hujus
1075 2491 1266 2538 epistolae
1289 2491 1472 2540 illiusque
1496 2493 1659 2540 negotio
1681 2494 1862 2531 laudatus

217 2566 336 2602 saepe
350 2554 594 2595 POLANCUS,
610 2555 642 2586 t.
662 2559 719 2596 1v,
734 2561 822 2597 pag.
839 2558 905 2595 421
915 2578 925 2597 ,
940 2563 978 2586 n.
994 2561 1078 2597 909:
1096 2550 1212 2587 «Erat
1225 2550 1383 2599 quidam
1393 2552 1639 2600 licenciatus,
1654 2554 1860 2602 Martinus,

219 2612 437 2661 Compluti,
463 2611 530 2659 qui
553 2610 602 2646 de
633 2609 831 2646 Societate
859 2609 1021 2646 mirifice
1045 2609 1263 2658 sentiebat,
1291 2616 1332 2647 et
1361 2611 1410 2647 ad
1434 2623 1618 2659 magnum
1642 2613 1861 2650 subsidium

217 2672 418 2710 Ecclesiae
436 2683 530 2707 suae
548 2682 571 2705 a
589 2671 674 2706 Deo
689 2669 846 2704 missam
859 2670 1090 2705 affirmabat.
1110 2670 1200 2716 Hie,
1213 2681 1302 2706 cum
1315 2670 1654 2719 participationem
1671 2673 1862 2709 bonorum

219 2731 426 2770 Societatis
456 2742 479 2766 a
507 2730 624 2766 Patre
653 2728 807 2774 Ignatio
833 2734 1099 2776 consequutus
1125 2735 1251 2776 esset,
1278 2729 1474 2767 desiderio
1499 2730 1743 2779 proficiendi,
1770 2737 1862 2768 vota

217 2791 486 2839 coadjutorum
505 2787 778 2836 temporalium
797 2787 1008 2824 societatis
1027 2788 1172 2834 emisit3
1193 2794 1234 2824 et
1248 2788 1341 2837 quia
1365 2790 1599 2837 conjugatus
1617 2797 1722 2839 erat,
1745 2791 1861 2828 casti-

220 2857 341 2887 tatem
358 2850 626 2897 conjugalem,
646 2852 690 2883 ut
715 2852 887 2894 poterat,
914 2847 1043 2893 vovit3
1072 2853 1343 2895 paupertatem
1367 2855 1499 2886 autem
1518 2855 1558 2886 et
1579 2850 1859 2899 obedientiam,

218 2922 325 2947 more
339 2909 659 2946 scholasticorum
673 2905 898 2951 societatis,
911 2911 951 2941 et
963 2906 1111 2953 duplici
1124 2908 1306 2954 exemplo
1316 2908 1418 2944 haec
1432 2913 1524 2944 vota
1537 2908 1586 2944 ad
1601 2909 1645 2944 P.
1661 2909 1859 2955 Ignatium

216 2972 379 3007 Romam
398 2968 519 3015 misit,
537 2978 637 3015 quae
655 2971 785 3002 tamen
803 2965 883 3008 ille,
903 2975 1047 3001 novum
1071 2965 1176 3012 quod
1193 2967 1270 3002 hoc·
1291 2973 1399 3003 esset
1415 2979 1542 3014 genus
1560 2973 1602 3004 et
1625 2968 1858 3005 inusitatum

218 3034 412 3076 votorum,
438 3039 514 3064 non
537 3025 715 3071 admisit,
740 3025 919 3072 quamvis
943 3024 992 3060 ad
1015 3024 1268 3061 devotionem
1285 3026 1408 3073 ipsius
1433 3033 1474 3063 et
1491 3027 1724 3074 profectum,
1751 3028 1856 3076 quod

218 3088 379 3135 fecerat,
398 3083 812 3135 comprobarevoluit.
825 3097 842 3118 »
862 3083 963 3119 Vide
981 3089 1183 3131 praeterea
1199 3097 1298 3132 quae
1318 3085 1373 3122 ibi
1391 3086 1679 3123 adnotavimus.
