2060 3450
823 278 839 306 1
867 270 1069 316 JANUARn
1096 275 1185 314 1555
1389 261 1393 266 '
1703 273 1773 311 495

181 376 256 421 del
278 381 417 420 senor
439 373 612 430 obispo,
638 374 680 417 el
703 363 809 429 q'ual
829 384 917 416 con
939 386 1053 428 gran
1074 369 1289 413 instantia
1310 384 1340 425 y
1361 383 1443 426 por
1470 369 1659 411 muchas
1687 382 1820 412 vezes

183 453 242 497 de
262 467 323 495 vn
344 457 432 494 afio
453 455 480 493 3
500 457 598 494 esta
619 457 747 506 parte
767 451 827 492 ha
846 447 1100 506 procurado
1120 447 1178 490 de
1198 461 1329 491 verse
1351 460 1438 489 con
1459 446 1502 489 el
1531 446 1583 488 Ρ.
1609 445 1645 488 F
1649 444 1819 487 rancis-

182 543 255 582 co,
279 543 388 585 para
407 528 488 570 dar
517 526 736 583 principio
764 540 821 569 en
848 526 892 568 10
920 539 1010 580 (136
1037 530 1164 567 tanto
1190 523 1410 566 desseaua
1443 524 1470 564 ¹.
1496 523 1537 564 Y
1565 535 1714 575 como,
1745 534 1817 564 es—

186 588 330 649 tando¹
346 620 401 650 en
425 605 634 648 Cordoua
664 604 705 647 el
735 605 787 646 P.
819 603 855 646 F
859 601 1076 653 rancisco,
1109 599 1321 645 succedio
1347 598 1736 655 repentinamente
1765 612 1820 641 su

187 681 362 738 partida
382 696 463 738 por
484 687 582 724 otra
603 687 729 737 parte
751 694 859 736 para
879 678 922 722 13
943 685 1084 731 corte,
1103 692 1187 734 por
1202 678 1245 720 13
1260 676 1492 721 breuedad
1508 676 1566 718 de
1586 676 1629 719 la
1644 675 1820 732 partida

186 759 260 803 del
275 757 477 815 principe
493 773 550 802 en
566 757 847 814 Inglatierra,
866 770 954 799 con
969 755 1011 799 el
1027 756 1133 810 qual
1154 757 1276 798 tenia
1296 768 1386 809 que
1408 760 1547 796 tratar
1567 767 1697 796 cosas
1713 767 1820 808 para

159 836 228 880 ,61
259 850 417 892 mayor
447 834 641 879 seruicio
672 833 842 886 diuino,
878 847 938 876 no
968 833 1090 889 pudo
1121 831 1249 874 venir
1280 835 1306 874 3
1336 844 1468 874 verse
1498 843 1585 873 con
1615 830 1657 873 el
1685 835 1820 872 sefior

184 913 342 969 obispo
362 913 422 956 de
445 911 692 964 Plazentia‚
718 911 760 954 31
782 911 887 966 (1331
909 913 1031 953 tenia
1052 908 1304 966 prometido
1326 922 1406 964 por
1427 914 1575 951 cartas
1596 908 1638 950 61
1661 908 1714 950 Ρ.
1737 906 1819 950 Vi-

180 990 398 1039 11333633
430 991 588 1033 uernia
620 1002 702 1044 por
733 990 838 1043 aqui
871 987 903 1030 ².
938 988 980 1029 Y
1012 1000 1142 1029 como
1173 986 1215 1029 61
1236 991 1373 1029 senor
1399 984 1558 1040 obispo
1585 998 1701 1040 supo
1731 997 1820 1038 que

262 1122 273 1142 ¹
323 1118 574 1154 Placentinus
592 1116 757 1153 antistes
771 1123 854 1153 erat
867 1116 1088 1153 Gutierrius
1102 1115 1151 1151 de
1165 1116 1314 1162 Vargas
1329 1120 1369 1151 et
1383 1113 1575 1161 Carvajal.
1599 1114 1716 1160 «Qui,
1730 1125 1819 1149 cum

189 1178 315 1214 Lainii
331 1190 376 1213 ac
395 1177 630 1213 Salmeronis
649 1177 689 1212 in
705 1175 936 1211 Tridentino
959 1175 1136 1212 Concilio
1159 1175 1336 1210 notitiam
1361 1179 1401 1209 et
1424 1185 1538 1209 vsum
1562 1173 1728 1220 aliquem
1754 1173 1820 1208 ha-

188 1238 355 1282 buisset,
375 1237 583 1273 societatis
601 1235 783 1283 opinione
800 1240 936 1282 captus
955 1241 995 1270 et
1012 1235 1115 1270 fama
1137 1234 1300 1278 fructus,
1314 1246 1431 1281 quem
1445 1233 1529 1268 eius
1546 1238 1629 1268 tum
1643 1232 1820 1279 Collegia

186 1296 384 1343 ferebant,
402 1296 486 1343 ipse
503 1307 658 1343 quoque
676 1294 882 1330 consilium
899 1294 1004 1341 cepit
1021 1293 1285 1329 constituendi
1303 1294 1342 1329 in
1360 1305 1429 1328 sua
1446 1293 1594 1328 ditione
1611 1292 1818 1338 Collegii.»

191 1355 445 1401 ORLANle,
470 1355 583 1390 Hist.
613 1355 702 1390 Soc.
722 1353 824 1401 Jes„
849 1358 952 1400 part.
981 1362 1009 1400 1,
1033 1353 1106 1388 lib.
1135 1361 1221 1400 xlv,
1246 1365 1284 1388 n.
1309 1352 1480 1398 78.-De
1498 1353 1572 1387 hoc
1598 1351 1684 1387 viro
1710 1352 1821 1398 plura

192 1415 350 1451 tradunt
373 1415 591 1460 ALCAZAR,
618 1413 883 1454 Chronohist„
905 1418 932 1448 t.
960 1422 988 1458 1,
1014 1424 1102 1459 pag.
1130 1411 1200 1448 230
1223 1417 1264 1447 et
1291 1423 1417 1459 seqq.‚
1443 1423 1487 1447 36
1511 1412 1593 1456 264;
1616 1411 1822 1447 CIENFUE-

190 1482 287 1516 GOS,
316 1474 463 1510 Vida...
481 1474 529 1508 de
549 1473 589 1508 S.
616 1472 832 1508 Francisco
856 1473 904 1507 de
921 1472 1066 1518 Borja,
1086 1471 1153 1507 lib.
1181 1480 1238 1518 1v‚
1256 1482 1341 1518 cap,
1368 1480 1390 1505 2
1408 1476 1448 1506 et
1476 1479 1548 1515 11.;
1568 1471 1769 1505 ALVAREZ
1794 1478 1823 1505 Y

190 1534 352 1577 BAENA,
376 1532 495 1578 Hijos
517 1533 564 1567 de
590 1531 757 1566 Madrid
782 1532 960 1575 ilustres‚·
985 1532 1229 1578 QUINTANA,
1255 1531 1442 1566 Historia
1466 1531 1514 1566 de
1538 1530 1720 1573 Madrid,·
1745 1529 1823 1565 GIL

189 1592 415 1628 GONZALEZ
438 1590 618 1637 DAV1LA‚
644 1591 678 1625 T
674 1593 787 1626 eatro
811 1591 858 1626 de
882 1591 943 1626 las
965 1591 1132 1639 iglesias
1153 1591 1200 1626 de
1226 1589 1412 1632 Castum,
1438 1594 1470 1624 t.
1499 1598 1541 1633 11,
1566 1588 1726 1636 aliique.
1758 1588 1820 1625 Cf.

191 1650 337 1687 cartas
354 1651 401 1686 de
421 1650 506 1686 San
524 1650 703 1697 IgnaciO,
725 1654 756 1685 t.
778 1659 834 1696 lv,
852 1661 942 1696 pag.
957 1650 1024 1685 661
1042 1655 1083 1685 et
1095 1660 1220 1697 seqq.:
1242 1648 1490 1696 «Biograsia
1503 1649 1567 1683 del
1585 1649 1648 1683 Sr.
1666 1648 1720 1683 D.
1740 1646 1822 1683 Gu-

182 1711 310 1746 tierre
327 1710 375 1745 de
397 1707 608 1755 Carvajah
633 1708 778 1755 Obispo
794 1710 842 1744 de
860 1709 1088 1750 Plasencia,
1103 1721 1129 1755 y
1139 1709 1357 1756 sundador
1374 1710 1421 1744 de
1438 1708 1557 1754 aquel
1577 1706 1776 1754 Colegio.»

256 1772 271 1792 ²
323 1769 400 1805 «Ut
416 1768 592 1814 Reginae
611 1768 872 1814 Portugalliae
891 1768 1109 1814 [Joannae,'
1123 1767 1253 1804 Caroli
1271 1768 1307 1802 V
1329 1767 1448 1814 filiae]
1474 1773 1514 1803 et
1538 1766 1709 1813 Principi
1735 1767 1823 1802 Phi-

188 1829 293 1875 lippo
311 1832 465 1875 pareret
498 1827 664 1862 contulit
681 1839 723 1862 se
742 1827 782 1863 in
800 1827 984 1874 oppidum
1001 1827 1239 1862 Tordesillas
1258 1827 1305 1862 P.
1336 1826 1582 1872 aneiseus,
1606 1831 1650 1861 ut
1673 1826 1824 1872 experi-

189 1891 310 1932 retur,
330 1886 365 1922 si
381 1885 474 1933 quid
491 1885 626 1921 auxilii
643 1883 818 1931 Reginae
837 1886 1010 1932 joannae
1029 1891 1163 1932 posset
1184 1884 1405 1921 adhiberi...
1421 1884 1522 1921 Cum
1536 1884 1681 1920 ibidem
1700 1890 1820 1930 esset,

184 1945 339 1982 litteras
357 1957 379 1981 a
396 1945 576 1992 Principe
595 1946 759 1992 Joanna,
778 1957 878 1992 quae
896 1945 1022 1982 adhuc
1048 1951 1131 1981 erat
1157 1945 1196 1981 in
1214 1945 1467 1991 Portugallia,
1486 1945 1652 1991 accepit,
1679 1944 1822 1991 quibus

189 2015 279 2039 eum
295 2003 471 2049 rogabat,
488 2007 532 2038 ut
549 2001 590 2037 in
603 2003 674 2037 hac
689 2002 894 2038 Provincia
908 1989 1104 2039 Castellae
1119 2003 1203 2049 ejus
1222 2003 1433 2038 adventum
1448 2007 1689 2049 expectaret,
1703 2015 1822 2050 quan-

182 2061 413 2110 doquidem,
440 2066 596 2108 propter
621 2061 812 2108 Principis
831 2061 1001 2109 Philippi
1020 2062 1252 2106 absentiam,
1273 2062 1321 2097 ad
1339 2062 1666 2108 gubernationem
1684 2073 1823 2108 regno-

192 2134 279 2157 rum
298 2121 508 2168 Hispaniae
526 2122 805 2156 evocabatur...
825 2121 925 2158 Cum
943 2127 1074 2157 autem
1091 2133 1194 2157 nona
1209 2121 1273 2157 die
1288 2121 1395 2167 Junii
1409 2122 1509 2156 Dna.
1525 2122 1676 2168 Joanna
1695 2122 1823 2157 venis-

193 2185 254 2216 set
276 2180 528 2226 Tordesillas,
550 2179 727 2226 quamvis
752 2191 774 2214 a
798 2179 953 2215 nemine
980 2180 1063 2216 fere
1087 2192 1130 2215 se
1154 2180 1279 2216 videri
1306 2180 1565 2227 permitteret,
1596 2181 1733 2216 eodem
1758 2181 1822 2216 die

194 2238 429 2286 significavit
446 2238 490 2273 P.
509 2238 729 2280 Francisc0‚
745 2244 969 2285 pergratum
983 2239 1060 2274 sibi
1073 2239 1155 2274 fore
1170 2239 1202 2274 si
1217 2239 1265 2274 ad
1279 2251 1321 2275 se
1336 2239 1554 2284 accederet;
1571 2245 1611 2275 et
1627 2240 1823 2275 humanis-

194 2299 292 2334 sime
309 2299 359 2333 ab
376 2309 423 2333 ea
441 2302 644 2344 exceptus,
663 2309 710 2332 eo
727 2297 791 2333 die
809 2303 850 2333 et
867 2298 1047 2345 sequenti
1066 2298 1132 2334 diu
1150 2310 1239 2334 cum
1253 2299 1391 2335 eodem
1406 2300 1627 2346 colloquuta
1645 2304 1719 2343 est,
1734 2310 1822 2334 cum

184 2357 243 2393 (16
259 2358 377 2393 rebus
394 2356 444 2391 ad
460 2368 569 2391 suam
586 2356 866 2392 conscientiam
883 2357 1166 2404 spectantibus,
1187 2363 1269 2393 tum
1293 2358 1341 2394 de
1364 2359 1530 2404 ratione,
1554 2370 1669 2405 quarn
1688 2358 1727 2393 in
1752 2369 1823 2404 gu-

193 2416 422 2452 bernatione
443 2415 622 2451 habitura
646 2421 773 2451 erat...
800 2417 849 2451 Et
874 2428 963 2452 cum
988 2417 1259 2453 Vallisoletum
1283 2423 1390 2453 esset
1413 2418 1645 2465 profectura,
1670 2417 1824 2463 rogavit

194 2477 244 2512 P.
266 2474 530 2518 Franciscum,
549 2480 592 2510 ut
609 2475 658 2510 ad
679 2475 901 2523 quindecim
928 2481 994 2511 aut
1019 2476 1161 2522 viginti
1187 2477 1271 2512 dies
1297 2489 1344 2513 eo
1371 2478 1538 2524 veniret,
1566 2483 1608 2512 ut
1635 2488 1695 2521 ea,
1723 2488 1823 2523 quae

194 2540 359 2571 tractare
375 2539 585 2581 coeperant
602 2534 651 2569 ad
667 2545 873 2579 commune
891 2541 931 2570 et
948 2535 1144 2582 proprium
1163 2536 1285 2583 ipsius
1303 2538 1463 2582 bonum,
1479 2537 1822 2572 absolverentur.»

196 2595 415 2640 POLANCO,
434 2598 463 2630 t.
483 2602 540 2640 IV,
558 2605 650 2640 pag.
676 2593 845 2640 585-587‚
865 2607 905 2630 n.
926 2594 1489 2639 1246-1249.—Confirmantur
1506 2597 1602 2630 haec
1621 2596 1669 2629 ab
1688 2595 1824 2630 ALcA-

198 2662 295 2698 ΖΑΒ,
314 2653 341 2688 l.
360 2665 408 2695 c.‚
427 2664 516 2700 pag.
536 2652 619 2698 239:
640 2653 707 2688 «El
733 2653 912 2700 Principe
938 2655 1027 2688 Don
1044 2654 1224 2701 Felipe...
1252 2665 1295 2690 se
1324 2656 1504 2690 embarco
1530 2666 1579 2689 en
1607 2656 1642 2689 la
1669 2655 1824 2691 Corufia

196 2723 289 2758 para
304 2712 533 2758 Inglaterra‚
551 2711 678 2747 donde
697 2712 732 2747 el
750 2711 814 2747 dia
830 2712 879 2747 de
897 2712 1084 2758 Santiago
1102 2724 1145 2748 se
1163 2713 1331 2760 desposo
1350 2726 1399 2749 en
1419 2715 1454 2749 la
1467 2714 1606 2749 ciudad
1624 2714 1673 2749 de
1688 2713 1824 2749 Vinto-

197 2771 262 2806 nia
277 2781 351 2806 con
369 2771 405 2806 la
422 2782 549 2806 nueva
566 2771 717 2816 Reyna‚
733 2771 845 2806 Dofia
862 2772 995 2807 Maria:
1015 2783 1041 2818 y
1055 2771 1156 2807 dexo
1170 2773 1382 2808 nombrada
1400 2784 1470 2820 por
1484 2773 1761 2808 Gobernadora
1774 2772 1824 2808 de

197 2835 304 2865 estos
321 2829 479 2876 Reynos
496 2832 517 2865 3
534 2830 571 2865 13
587 2830 771 2866 Prineesa
788 2842 835 2866 su
851 2831 1047 2866 hermana.
1069 2831 1118 2866 Al
1137 2831 1363 2878 despedirse
1384 2844 1433 2867 en
1451 2832 1686 2867 Tordesillas
1711 2831 1760 2867 de
1778 2843 1826 2867 su

201 2891 367 2933 Abuela,
384 2889 537 2936 quando
554 2888 603 2924 de
622 2900 667 2924 su
686 2889 805 2925 orden
823 2891 959 2926 estaba
977 2892 1042 2926 alli
1060 2891 1096 2926 el
1115 2898 1228 2928 santo
1245 2892 1374 2938 Borja,
1402 2893 1438 2927 16
1464 2892 1565 2927 dexo
1584 2901 1676 2938 muy
1694 2903 1827 2927 encar-

198 2949 301 2995 gado
313 2960 388 2996 que
406 2948 627 2984 assistiesse
640 2950 662 2983 a
676 2949 712 2983 13
726 2948 930 2985 Prinoessa
947 2961 1022 2985 con
1040 2962 1086 2986 su
1099 2951 1272 2997 consejo,
1289 2964 1338 2987 en
1352 2963 1451 2997 cuya
1470 2951 1679 2997 prudencia
1693 2951 1827 2987 vincu-

201 3010 288 3044 laba
306 3009 340 3043 el
359 3008 503 3043 acierto
519 3007 649 3046 delos
667 3008 852 3053 negocios
878 3009 1099 3055 publicos...
1128 3010 1273 3046 Parece
1299 3023 1374 3058 que
1401 3012 1436 3046 el
1461 3010 1640 3057 Principe
1666 3022 1715 3046 en
1742 3016 1828 3046 esta

201 3067 391 3114 61666163,
410 3067 542 3105 demas
559 3068 607 3104 de
625 3068 660 3102 el
680 3067 834 3114 aprecio
853 3079 928 3115 que
947 3069 1057 3104 hacia
1082 3069 1130 3105 de
1157 3070 1213 3105 las
1232 3070 1406 3106 virtudes
1423 3082 1450 3117 y
1474 3071 1640 3106 talentos
1666 3070 1715 3106 de
1742 3077 1827 3108 este
