2034 3476
294 256 364 292 318
784 255 1021 293 EPISTOLAE
1056 254 1340 300 M1xTAE-851

244 356 583 401 chiascheduno
612 356 668 399 26
691 355 853 399 fiorini.
884 356 1071 400 Grande
1098 357 1123 400 ὲ
1149 356 1178 398 l’
1207 354 1450 399 abondatia
1477 355 1539 398 dil
1561 370 1672 412 pan,
1705 355 1812 400 vino
1834 363 1878 401 et

244 434 363 478 della
390 447 526 477 carne
553 432 600 475 in
629 439 788 489 queste
815 433 986 476 bande:
1018 433 1180 477 adesso
1208 432 1388 477 volesse
1414 432 1539 476 Iddio
1566 434 1652 477 che
1681 447 1734 478 ee
1761 433 1881 479 fosse

245 509 519 553 abondantia
540 510 596 552 de
621 508 740 552 virtu
760 516 806 553 et
827 510 884 554 de
905 509 1011 554 beni
1033 509 1268 565 spirituali.

335 587 393 631 V.
421 589 475 631 P.
499 601 579 643 per
599 587 629 629 1’
654 600 806 630 amore
828 587 886 632 de
901 587 1012 645 Jesu
1034 585 1120 630 X.⁰
1142 586 1203 628 mi
1226 586 1414 644 perdoni
1432 586 1538 629 tutti
1554 586 1585 628 li
1601 585 1705 630 miei
1722 586 1878 639 errori,

246 670 292 708 et
313 663 473 720 preghi
490 677 618 707 come
636 664 764 708 suole
779 678 860 720 per
882 663 988 706 tutti
1004 662 1096 717 noi,
1122 663 1190 706 soi
1210 663 1369 720 figlioli
1390 662 1592 720 indegni.
1613 665 1683 707 De
1705 663 1885 708 Vienna

245 755 274 784 a
300 741 352 784 16
373 741 429 784 de
450 740 662 797 Augosto
690 750 815 795 1554.
848 742 918 783 De
946 741 1005 783 V.
1031 741 1086 783 R.
1122 739 1296 796 figliolo
1327 747 1372 785 et
1400 754 1533 784 seruo
1561 741 1636 785 nel
1664 739 1876 797 Signore,

1138 818 1360 862 NICOLAO
1391 831 1454 861 DE
1486 818 1702 861 LANNOY.

337 936 595 992 Inscriptio:
613 888 710 994 Jlis.
733 936 794 979 Al
811 936 949 979 molto
966 936 1080 979 Rdo.
1101 934 1149 978 in
1170 936 1256 978 Χ.ο
1275 936 1437 989 Padre,
1457 935 1488 978 il
1512 938 1564 979 P.
1591 937 1683 980 M.e
1709 935 1886 993 Ignatio

247 1013 305 1057 de
343 1013 539 1069 Loyola,
575 1012 803 1069 preposito
840 1012 1069 1069 generalle
1105 1012 1223 1055 della
1259 1011 1544 1069 Compagnia
1578 1013 1635 1057 de
1665 1014 1799 1071 Jesu,
1838 1011 1886 1056 in

250 1092 409 1134 Roma.
916 1090 927 1097 “

1006 1288 1119 1329 851

782 1389 1051 1428 NICOLAUS
1078 1390 1148 1425 DE
1174 1389 1358 1427 LANOY

631 1474 817 1518 PATRI
847 1474 1111 1517 IGNATIO
1143 1474 1227 1517 DE
1258 1474 1518 1518 LOYOLA

700 1576 887 1605 VIENNA
929 1576 977 1612 19
1015 1576 1238 1604 AUGUS’H
1278 1575 1370 1613 1554
1409 1570 1435 1603 ¹.

250 1654 312 1689 De
337 1653 393 1688 M.
423 1652 571 1698 Tassis,
599 1651 746 1699 optimo
771 1650 980 1687 Societatis
1006 1650 1147 1687 amico.
1163 1649 1362 1687 —Dotatio
1387 1651 1614 1687 viennensis
1633 1650 1808 1698 collegii,
1826 1663 1887 1687 re-

320 1712 397 1759 giis
417 1711 558 1747 litteris
576 1710 932 1746 confirmata.—An
956 1709 1139 1756 expediat
1163 1709 1492 1758 adolescentulos,
1519 1716 1653 1747 tenera
1670 1716 1816 1758 aetate,
1845 1711 1886 1747 in

322 1770 560 1807 Societatem
579 1769 1010 1814 admitti.—Momenta‚
1030 1781 1130 1817 quae
1148 1768 1188 1804 id
1207 1769 1410 1815 suadeant,
1425 1770 1465 1805 in
1478 1770 1689 1806 Germania
1709 1782 1887 1818 praeser-

323 1829 730 1867 tim.—Theodoricus
749 1827 930 1865 Canisius
949 1840 1038 1864 cum
1056 1828 1162 1864 socio
1179 1829 1343 1864 Romam
1356 1829 1630 1876 proficiscitur.

1061 1911 1083 1945 ,Γ

1019 1949 1118 2006 Jhs.

345 2046 410 2089 La
432 2043 579 2101 gratia
600 2050 646 2088 et
667 2057 778 2100 pace
800 2043 857 2086 de
879 2044 990 2101 Jesu
1018 2042 1104 2086 X.⁰
1132 2042 1291 2100 signor
1318 2050 1473 2087 nostro
1503 2043 1570 2087 sia
1596 2058 1774 2101 sempre
1801 2058 1887 2088 con

256 2121 363 2166 tutti
384 2120 475 2164 noi.
509 2121 673 2164 Amen.
708 2121 823 2163 Rdo.
857 2120 1017 2163 Padre.
1053 2119 1323 2164 Auanthieri
1350 2120 1591 2165 habbiamo
1619 2121 1775 2165 scritto
1804 2121 1890 2165 alla

256 2201 311 2243 R.
333 2200 391 2242 V.
418 2213 498 2255 per
518 2196 593 2240 via
614 2197 688 2242 del
704 2196 865 2253 signor
882 2196 1098 2240 Matthias
1114 2197 1171 2240 de
1190 2197 1358 2250 Tassis,
1379 2197 1524 2241 amico
1541 2206 1697 2242 nostro
1714 2197 1890 2255 specia-

256 2275 429 2320 lissimo
450 2282 496 2319 et
526 2275 722 2319 zelatore
751 2273 1086 2317 feruentissimo
1113 2274 1231 2319 della
1260 2274 1542 2331 Compagnia
1563 2282 1719 2319 nostra
1747 2276 1779 2318 ².
1806 2275 1891 2319 Es-

256 2353 399 2397 sendo
421 2353 532 2395 hora
554 2350 719 2407 partito
740 2350 773 2393 il
794 2367 843 2395 re
865 2357 1021 2394 nostro
1042 2365 1122 2407 per
1140 2352 1305 2408 Praga,
1326 2366 1417 2394 non
1433 2358 1655 2408 potranno
1674 2352 1717 2396 le
1732 2353 1892 2397 lettere

257 2436 428 2482 nostre,
455 2430 540 2473 che
562 2442 612 2473 se
633 2428 944 2472 mandaranno
966 2442 1046 2484 per
1067 2427 1141 2471 via
1162 2428 1236 2473 del
1257 2428 1413 2485 signor
1435 2428 1604 2482 Tassis‚
1628 2431 1798 2474 hauere
1819 2443 1892 2472 re-

256 2505 406 2562 capito
428 2505 586 2548 vltimo
610 2511 737 2548 tanto
760 2512 936 2561 prest03
966 2504 1242 2548 nondimeno
1270 2519 1353 2548 sua
1382 2504 1493 2550 S.ria
1524 2505 1565 2547 ci
1593 2507 1650 2549 ha
1672 2505 1891 2562 promisso

256 2584 358 2636 che,
384 2582 564 2639 quando
589 2596 789 2626 veranno
807 2582 925 2626 nelle
942 2595 1024 2625 sue
1047 2581 1183 2634 mani,
1211 2582 1306 2625 fara
1327 2581 1563 2639 diligentia
1585 2582 1641 2626 de
1663 2582 1891 2626 mandarle

259 2659 427 2703 subito.

348 2737 395 2779 Io
421 2734 572 2779 serissi
608 2748 737 2779 corne
771 2748 820 2778 se
849 2741 1147 2791 espettauano
1174 2735 1217 2779 16
1244 2735 1404 2778 lettere
1436 2735 1553 2779 della
1589 2735 1791 2779 dotation
1819 2735 1893 2780 del

259 2812 454 2869 collegio
478 2818 634 2855 nostro
652 2812 684 2864 ⁵,
705 2811 747 2854 le
764 2812 897 2866 quale
914 2810 1027 2854 hieri
1045 2810 1338 2856 riceuessimo
1357 2826 1436 2868 per
1451 2812 1494 2855 16
1510 2811 1631 2855 mani
1648 2813 1720 2856 del
1737 2812 1894 2869 signor

335 2937 345 2957 ¹
395 2935 454 2970 Ex
473 2934 712 2981 autographo
731 2933 769 2969 in
785 2935 862 2969 vol.
884 2935 929 2980 E,
949 2933 1096 2981 duplici
1114 2933 1217 2980 folio,
1236 2946 1275 2970 n.
1298 2941 1379 2980 107,
1398 2933 1504 2982 prius
1518 2943 1603 2970 222.

331 2995 345 3015 ⁹
395 2993 495 3028 Vide
515 2994 643 3040 Epist.
664 2993 830 3038 Mixtae,
851 2999 884 3029 t.
908 3002 963 3039 111,
983 3004 1074 3040 pag.
1099 2993 1178 3028 181.

332 3053 346 3073 ³
397 3052 496 3087 Vide
515 3052 634 3099 epist.
658 3051 916 3098 superiorem.
