<?xml version="1.0" encoding="UTF-8"?>
<!DOCTYPE html PUBLIC "-//W3C//DTD XHTML 1.0 Transitional//EN"
    "http://www.w3.org/TR/xhtml1/DTD/xhtml1-transitional.dtd">
<html xmlns="http://www.w3.org/1999/xhtml" xml:lang="en" lang="en">
 <head>
  <title>
</title>
<meta http-equiv="Content-Type" content="text/html;charset=utf-8" />
  <meta name='ocr-system' content='tesseract 3.04.00' />
  <meta name='ocr-capabilities' content='ocr_page ocr_carea ocr_par ocr_line ocrx_word'/>
</head>
<body>
  <div class='ocr_page' id='page_1' title='image "./epistolaemixtaee04matruoft_0738.png"; bbox 0 0 2060 3432; ppageno 0'>
   <div class='ocr_carea' id='block_1_1' title="bbox 330 248 1375 299">
    <p class='ocr_par' dir='ltr' id='par_1_1' title="bbox 330 248 1375 299">
     <span class='ocr_line' id='line_1_1' title="bbox 330 248 1375 299; baseline 0.002 -14"><span class='ocrx_word' id='word_1_1' title='bbox 330 248 400 295; x_wconf 89' lang='lat'>732</span> <span class='ocrx_word' id='word_1_2' title='bbox 822 252 1061 288; x_wconf 76' lang='lat' dir='ltr'>prsTOLAE</span> <span class='ocrx_word' id='word_1_3' title='bbox 1088 251 1375 299; x_wconf 77' lang='lat' dir='ltr'><strong>M1XTAE—989</strong></span> 
     </span>
    </p>
   </div>
   <div class='ocr_carea' id='block_1_2' title="bbox 274 351 1911 2862">
    <p class='ocr_par' dir='ltr' id='par_1_2' title="bbox 274 351 1911 1712">
     <span class='ocr_line' id='line_1_2' title="bbox 281 351 1911 410; baseline 0.002 -16"><span class='ocrx_word' id='word_1_4' title='bbox 281 364 415 403; x_wconf 88' lang='lat' dir='ltr'>sone,</span> <span class='ocrx_word' id='word_1_5' title='bbox 441 364 514 394; x_wconf 85' lang='lat' dir='ltr'>ma</span> <span class='ocrx_word' id='word_1_6' title='bbox 535 351 592 396; x_wconf 92' lang='lat' dir='ltr'>de</span> <span class='ocrx_word' id='word_1_7' title='bbox 613 351 690 408; x_wconf 80' lang='lat' dir='ltr'>piu</span> <span class='ocrx_word' id='word_1_8' title='bbox 720 362 761 398; x_wconf 75' lang='grc' dir='ltr'>Δ</span> <span class='ocrx_word' id='word_1_9' title='bbox 793 362 816 407; x_wconf 85' lang='grc'><strong>5</strong></span> <span class='ocrx_word' id='word_1_10' title='bbox 841 352 904 409; x_wconf 93' lang='lat' dir='ltr'>gli</span> <span class='ocrx_word' id='word_1_11' title='bbox 928 353 1027 397; x_wconf 89' lang='lat' dir='ltr'>fece</span> <span class='ocrx_word' id='word_1_12' title='bbox 1054 353 1242 396; x_wconf 90' lang='lat' dir='ltr'>rendere</span> <span class='ocrx_word' id='word_1_13' title='bbox 1268 353 1392 396; x_wconf 90' lang='lat' dir='ltr'>duna</span> <span class='ocrx_word' id='word_1_14' title='bbox 1422 367 1538 410; x_wconf 88' lang='lat' dir='ltr'>pena</span> <span class='ocrx_word' id='word_1_15' title='bbox 1564 360 1611 399; x_wconf 92' lang='lat' dir='ltr'>et</span> <span class='ocrx_word' id='word_1_16' title='bbox 1636 355 1804 397; x_wconf 90' lang='lat' dir='ltr'>mulcta</span> <span class='ocrx_word' id='word_1_17' title='bbox 1825 355 1911 399; x_wconf 88' lang='lat' dir='ltr'>che</span> 
     </span>
     <span class='ocr_line' id='line_1_3' title="bbox 281 428 1910 487; baseline 0.002 -16"><span class='ocrx_word' id='word_1_18' title='bbox 281 442 363 485; x_wconf 89' lang='lat' dir='ltr'>per</span> <span class='ocrx_word' id='word_1_19' title='bbox 384 428 573 483; x_wconf 81' lang='lat' dir='ltr'>qualche</span> <span class='ocrx_word' id='word_1_20' title='bbox 595 428 750 472; x_wconf 89' lang='lat' dir='ltr'>delitto</span> <span class='ocrx_word' id='word_1_21' title='bbox 773 429 970 473; x_wconf 89' lang='lat' dir='ltr'>secondo</span> <span class='ocrx_word' id='word_1_22' title='bbox 992 429 1034 472; x_wconf 89' lang='lat' dir='ltr'>le</span> <span class='ocrx_word' id='word_1_23' title='bbox 1055 428 1377 474; x_wconf 85' lang='lat' dir='ltr'>constitutione</span> <span class='ocrx_word' id='word_1_24' title='bbox 1397 431 1543 475; x_wconf 91' lang='lat' dir='ltr'>hauea</span> <span class='ocrx_word' id='word_1_25' title='bbox 1564 430 1741 475; x_wconf 90' lang='lat' dir='ltr'>incorsa</span> <span class='ocrx_word' id='word_1_26' title='bbox 1762 437 1807 475; x_wconf 92' lang='lat' dir='ltr'>et</span> <span class='ocrx_word' id='word_1_27' title='bbox 1828 446 1910 487; x_wconf 78' lang='lat' dir='ltr'>pa-</span> 
     </span>
     <span class='ocr_line' id='line_1_4' title="bbox 280 503 1910 564; baseline 0.002 -17"><span class='ocrx_word' id='word_1_28' title='bbox 280 511 423 561; x_wconf 88' lang='lat' dir='ltr'>guata</span> <span class='ocrx_word' id='word_1_29' title='bbox 444 503 571 563; x_wconf 87' lang='lat' dir='ltr'>[per?]</span> <span class='ocrx_word' id='word_1_30' title='bbox 593 505 624 548; x_wconf 93' lang='lat' dir='ltr'>il</span> <span class='ocrx_word' id='word_1_31' title='bbox 646 512 843 562; x_wconf 88' lang='lat' dir='ltr'>passato;</span> <span class='ocrx_word' id='word_1_32' title='bbox 869 512 915 550; x_wconf 90' lang='lat' dir='ltr'>et</span> <span class='ocrx_word' id='word_1_33' title='bbox 935 506 1126 550; x_wconf 91' lang='lat' dir='ltr'>essendo</span> <span class='ocrx_word' id='word_1_34' title='bbox 1148 506 1273 549; x_wconf 90' lang='lat' dir='ltr'>detto</span> <span class='ocrx_word' id='word_1_35' title='bbox 1291 507 1383 550; x_wconf 92' lang='lat' dir='ltr'>don</span> <span class='ocrx_word' id='word_1_36' title='bbox 1403 506 1627 563; x_wconf 83' lang='lat' dir='ltr'>Gregorio</span> <span class='ocrx_word' id='word_1_37' title='bbox 1644 514 1836 564; x_wconf 87' lang='lat' dir='ltr'>grauato</span> <span class='ocrx_word' id='word_1_38' title='bbox 1853 508 1910 552; x_wconf 91' lang='lat' dir='ltr'>de</span> 
     </span>
     <span class='ocr_line' id='line_1_5' title="bbox 282 581 1909 639; baseline 0.001 -15"><span class='ocrx_word' id='word_1_39' title='bbox 282 581 407 625; x_wconf 92' lang='lat' dir='ltr'>molti</span> <span class='ocrx_word' id='word_1_40' title='bbox 429 581 584 634; x_wconf 90' lang='lat' dir='ltr'>debiti,</span> <span class='ocrx_word' id='word_1_41' title='bbox 609 597 701 625; x_wconf 92' lang='lat' dir='ltr'>non</span> <span class='ocrx_word' id='word_1_42' title='bbox 726 582 854 627; x_wconf 89' lang='lat' dir='ltr'>uolse</span> <span class='ocrx_word' id='word_1_43' title='bbox 876 582 933 625; x_wconf 92' lang='lat' dir='ltr'>ad</span> <span class='ocrx_word' id='word_1_44' title='bbox 954 581 1044 625; x_wconf 91' lang='lat' dir='ltr'>mia</span> <span class='ocrx_word' id='word_1_45' title='bbox 1064 581 1255 625; x_wconf 88' lang='lat' dir='ltr'>intantia</span> <span class='ocrx_word' id='word_1_46' title='bbox 1276 582 1540 639; x_wconf 87' lang='lat' dir='ltr'>monsignor</span> <span class='ocrx_word' id='word_1_47' title='bbox 1556 583 1675 627; x_wconf 86' lang='lat' dir='ltr'>fosse</span> <span class='ocrx_word' id='word_1_48' title='bbox 1695 583 1909 629; x_wconf 76' lang='lat' dir='ltr'>ritardato</span> 
     </span>
     <span class='ocr_line' id='line_1_6' title="bbox 278 657 1909 717; baseline 0.002 -16"><span class='ocrx_word' id='word_1_49' title='bbox 278 658 398 702; x_wconf 89' lang='lat' dir='ltr'>della</span> <span class='ocrx_word' id='word_1_50' title='bbox 419 657 599 713; x_wconf 78' lang='lat' dir='ltr'>liberta,</span> <span class='ocrx_word' id='word_1_51' title='bbox 625 659 671 701; x_wconf 93' lang='lat' dir='ltr'>ni</span> <span class='ocrx_word' id='word_1_52' title='bbox 700 660 894 702; x_wconf 90' lang='lat' dir='ltr'>mancho</span> <span class='ocrx_word' id='word_1_53' title='bbox 923 658 1169 702; x_wconf 89' lang='lat' dir='ltr'>ritornasse</span> <span class='ocrx_word' id='word_1_54' title='bbox 1196 673 1332 703; x_wconf 91' lang='lat' dir='ltr'>senza</span> <span class='ocrx_word' id='word_1_55' title='bbox 1359 659 1515 703; x_wconf 86' lang='lat' dir='ltr'>danari</span> <span class='ocrx_word' id='word_1_56' title='bbox 1545 674 1624 716; x_wconf 92' lang='lat' dir='ltr'>per</span> <span class='ocrx_word' id='word_1_57' title='bbox 1655 659 1841 717; x_wconf 88' lang='lat' dir='ltr'>rispetto</span> <span class='ocrx_word' id='word_1_58' title='bbox 1864 660 1909 704; x_wconf 92' lang='lat' dir='ltr'>di</span> 
     </span>
     <span class='ocr_line' id='line_1_7' title="bbox 279 735 1907 793; baseline 0.001 -14"><span class='ocrx_word' id='word_1_59' title='bbox 279 735 513 788; x_wconf 86' lang='lat' dir='ltr'>sodisfare,</span> <span class='ocrx_word' id='word_1_60' title='bbox 539 736 762 792; x_wconf 86' lang='lat' dir='ltr'>sperando</span> <span class='ocrx_word' id='word_1_61' title='bbox 784 737 870 781; x_wconf 91' lang='lat' dir='ltr'>che</span> <span class='ocrx_word' id='word_1_62' title='bbox 890 737 1017 780; x_wconf 74' lang='lat' dir='ltr'>costa</span> <span class='ocrx_word' id='word_1_63' title='bbox 1039 736 1133 780; x_wconf 75' lang='lat' dir='ltr'>fara</span> <span class='ocrx_word' id='word_1_64' title='bbox 1159 735 1386 793; x_wconf 89' lang='lat' dir='ltr'>diligenza</span> <span class='ocrx_word' id='word_1_65' title='bbox 1406 737 1492 781; x_wconf 91' lang='lat' dir='ltr'>che</span> <span class='ocrx_word' id='word_1_66' title='bbox 1513 736 1661 793; x_wconf 83' lang='lat' dir='ltr'>questi</span> <span class='ocrx_word' id='word_1_67' title='bbox 1683 737 1785 780; x_wconf 93' lang='lat' dir='ltr'>suoi</span> <span class='ocrx_word' id='word_1_68' title='bbox 1806 752 1907 781; x_wconf 76' lang='lat' dir='ltr'>cre-</span> 
     </span>
     <span class='ocr_line' id='line_1_8' title="bbox 279 811 1907 870; baseline 0.002 -16"><span class='ocrx_word' id='word_1_69' title='bbox 279 811 415 855; x_wconf 92' lang='lat' dir='ltr'>ditori</span> <span class='ocrx_word' id='word_1_70' title='bbox 437 827 528 855; x_wconf 91' lang='lat' dir='ltr'>non</span> <span class='ocrx_word' id='word_1_71' title='bbox 549 812 703 868; x_wconf 90' lang='lat' dir='ltr'>patino</span> <span class='ocrx_word' id='word_1_72' title='bbox 725 813 890 857; x_wconf 91' lang='lat' dir='ltr'>danno.</span> <span class='ocrx_word' id='word_1_73' title='bbox 922 814 1043 856; x_wconf 88' lang='lat' dir='ltr'>Vero</span> <span class='ocrx_word' id='word_1_74' title='bbox 1071 813 1097 856; x_wconf 79' lang='lat' dir='ltr'>e</span> <span class='ocrx_word' id='word_1_75' title='bbox 1116 813 1216 867; x_wconf 91' lang='lat' dir='ltr'>che,</span> <span class='ocrx_word' id='word_1_76' title='bbox 1247 813 1439 857; x_wconf 89' lang='lat' dir='ltr'>essendo</span> <span class='ocrx_word' id='word_1_77' title='bbox 1468 812 1560 870; x_wconf 83' lang='lat' dir='ltr'>egli</span> <span class='ocrx_word' id='word_1_78' title='bbox 1587 813 1828 870; x_wconf 86' lang='lat' dir='ltr'>slonghato</span> <span class='ocrx_word' id='word_1_79' title='bbox 1849 815 1907 857; x_wconf 89' lang='lat' dir='ltr'>da</span> 
     </span>
     <span class='ocr_line' id='line_1_9' title="bbox 279 888 1908 946; baseline 0.001 -14"><span class='ocrx_word' id='word_1_80' title='bbox 279 888 558 945; x_wconf 80' lang='lat' dir='ltr'>monsignor,</span> <span class='ocrx_word' id='word_1_81' title='bbox 584 903 674 931; x_wconf 94' lang='lat' dir='ltr'>non</span> <span class='ocrx_word' id='word_1_82' title='bbox 697 889 872 946; x_wconf 81' lang='lat' dir='ltr'>guardo</span> <span class='ocrx_word' id='word_1_83' title='bbox 894 888 1049 933; x_wconf 90' lang='lat' dir='ltr'>debito</span> <span class='ocrx_word' id='word_1_84' title='bbox 1071 889 1221 944; x_wconf 93' lang='lat' dir='ltr'>modo,</span> <span class='ocrx_word' id='word_1_85' title='bbox 1242 904 1314 933; x_wconf 89' lang='lat' dir='ltr'>ma</span> <span class='ocrx_word' id='word_1_86' title='bbox 1334 889 1451 933; x_wconf 82' lang='lat' dir='ltr'>ando</span> <span class='ocrx_word' id='word_1_87' title='bbox 1473 903 1552 946; x_wconf 91' lang='lat' dir='ltr'>per</span> <span class='ocrx_word' id='word_1_88' title='bbox 1572 890 1615 933; x_wconf 89' lang='lat' dir='ltr'>la</span> <span class='ocrx_word' id='word_1_89' title='bbox 1638 896 1756 934; x_wconf 89' lang='lat' dir='ltr'>terra</span> <span class='ocrx_word' id='word_1_90' title='bbox 1777 905 1908 934; x_wconf 93' lang='lat' dir='ltr'>mon-</span> 
     </span>
     <span class='ocr_line' id='line_1_10' title="bbox 278 964 1909 1023; baseline 0.002 -15"><span class='ocrx_word' id='word_1_91' title='bbox 278 964 504 1009; x_wconf 86' lang='lat' dir='ltr'>strandosi</span> <span class='ocrx_word' id='word_1_92' title='bbox 527 964 571 1007; x_wconf 91' lang='lat' dir='ltr'>di</span> <span class='ocrx_word' id='word_1_93' title='bbox 593 979 682 1021; x_wconf 90' lang='lat' dir='ltr'>qua</span> <span class='ocrx_word' id='word_1_94' title='bbox 704 972 749 1009; x_wconf 90' lang='lat' dir='ltr'>et</span> <span class='ocrx_word' id='word_1_95' title='bbox 771 965 815 1009; x_wconf 93' lang='lat' dir='ltr'>di</span> <span class='ocrx_word' id='word_1_96' title='bbox 844 966 901 1019; x_wconf 80' lang='grc'>13,</span> <span class='ocrx_word' id='word_1_97' title='bbox 932 972 978 1009; x_wconf 88' lang='lat' dir='ltr'>et</span> <span class='ocrx_word' id='word_1_98' title='bbox 1006 966 1238 1022; x_wconf 86' lang='lat' dir='ltr'>parlando‚</span> <span class='ocrx_word' id='word_1_99' title='bbox 1270 981 1398 1011; x_wconf 91' lang='lat' dir='ltr'>come</span> <span class='ocrx_word' id='word_1_100' title='bbox 1425 965 1546 1011; x_wconf 90' lang='lat' dir='ltr'>disse</span> <span class='ocrx_word' id='word_1_101' title='bbox 1573 966 1852 1023; x_wconf 83' lang='lat' dir='ltr'>monsignor,</span> <span class='ocrx_word' id='word_1_102' title='bbox 1883 983 1909 1011; x_wconf 92' lang='lat' dir='ltr'>a</span> 
     </span>
     <span class='ocr_line' id='line_1_11' title="bbox 275 1042 1909 1099; baseline 0.001 -14"><span class='ocrx_word' id='word_1_103' title='bbox 275 1055 362 1085; x_wconf 87' lang='lat' dir='ltr'>suo</span> <span class='ocrx_word' id='word_1_104' title='bbox 385 1042 537 1084; x_wconf 90' lang='lat' dir='ltr'>modo.</span> <span class='ocrx_word' id='word_1_105' title='bbox 565 1042 699 1086; x_wconf 91' lang='lat' dir='ltr'>Onde</span> <span class='ocrx_word' id='word_1_106' title='bbox 719 1042 984 1099; x_wconf 86' lang='lat' dir='ltr'>monsignor</span> <span class='ocrx_word' id='word_1_107' title='bbox 1005 1042 1070 1099; x_wconf 92' lang='lat' dir='ltr'>gli</span> <span class='ocrx_word' id='word_1_108' title='bbox 1091 1043 1358 1086; x_wconf 80' lang='lat' dir='ltr'>commando</span> <span class='ocrx_word' id='word_1_109' title='bbox 1381 1044 1466 1086; x_wconf 89' lang='lat' dir='ltr'>che</span> <span class='ocrx_word' id='word_1_110' title='bbox 1485 1043 1529 1086; x_wconf 91' lang='lat' dir='ltr'>la</span> <span class='ocrx_word' id='word_1_111' title='bbox 1549 1042 1718 1087; x_wconf 84' lang='lat' dir='ltr'>matina</span> <span class='ocrx_word' id='word_1_112' title='bbox 1739 1058 1765 1087; x_wconf 92' lang='grc'><strong>3</strong></span> <span class='ocrx_word' id='word_1_113' title='bbox 1785 1044 1909 1088; x_wconf 91' lang='lat' dir='ltr'>buon</span> 
     </span>
     <span class='ocr_line' id='line_1_12' title="bbox 280 1118 1908 1178; baseline 0.001 -17"><span class='ocrx_word' id='word_1_114' title='bbox 280 1120 391 1161; x_wconf 92' lang='lat' dir='ltr'>hora</span> <span class='ocrx_word' id='word_1_115' title='bbox 411 1119 603 1162; x_wconf 86' lang='lat' dir='ltr'>andasse</span> <span class='ocrx_word' id='word_1_116' title='bbox 626 1118 716 1171; x_wconf 89' lang='lat' dir='ltr'>uia,</span> <span class='ocrx_word' id='word_1_117' title='bbox 741 1125 787 1164; x_wconf 91' lang='lat' dir='ltr'>et</span> <span class='ocrx_word' id='word_1_118' title='bbox 807 1133 898 1162; x_wconf 92' lang='lat' dir='ltr'>non</span> <span class='ocrx_word' id='word_1_119' title='bbox 920 1133 970 1162; x_wconf 91' lang='lat' dir='ltr'>se</span> <span class='ocrx_word' id='word_1_120' title='bbox 991 1118 1056 1176; x_wconf 94' lang='lat' dir='ltr'>gli</span> <span class='ocrx_word' id='word_1_121' title='bbox 1077 1120 1250 1163; x_wconf 83' lang='lat' dir='ltr'>facesse</span> <span class='ocrx_word' id='word_1_122' title='bbox 1270 1119 1435 1163; x_wconf 90' lang='lat' dir='ltr'>inanzi.</span> <span class='ocrx_word' id='word_1_123' title='bbox 1460 1121 1564 1178; x_wconf 86' lang='lat' dir='ltr'>Don</span> <span class='ocrx_word' id='word_1_124' title='bbox 1581 1120 1805 1177; x_wconf 84' lang='lat' dir='ltr'>Gregorio</span> <span class='ocrx_word' id='word_1_125' title='bbox 1823 1134 1908 1164; x_wconf 93' lang='lat' dir='ltr'>con</span> 
     </span>
     <span class='ocr_line' id='line_1_13' title="bbox 277 1195 1906 1252; baseline 0.001 -14"><span class='ocrx_word' id='word_1_126' title='bbox 277 1208 418 1252; x_wconf 91' lang='lat' dir='ltr'>pocca</span> <span class='ocrx_word' id='word_1_127' title='bbox 439 1195 708 1240; x_wconf 85' lang='lat' dir='ltr'>discretione</span> <span class='ocrx_word' id='word_1_128' title='bbox 731 1196 849 1240; x_wconf 79' lang='lat' dir='ltr'>ando</span> <span class='ocrx_word' id='word_1_129' title='bbox 870 1195 1064 1240; x_wconf 91' lang='lat' dir='ltr'>dormire</span> <span class='ocrx_word' id='word_1_130' title='bbox 1087 1196 1377 1250; x_wconf 87' lang='lat' dir='ltr'>all’hosteria,</span> <span class='ocrx_word' id='word_1_131' title='bbox 1402 1197 1612 1241; x_wconf 86' lang='lat' dir='ltr'>lassando</span> <span class='ocrx_word' id='word_1_132' title='bbox 1634 1204 1788 1240; x_wconf 88' lang='lat' dir='ltr'>nostro</span> <span class='ocrx_word' id='word_1_133' title='bbox 1810 1198 1906 1241; x_wconf 93' lang='lat' dir='ltr'>col-</span> 
     </span>
     <span class='ocr_line' id='line_1_14' title="bbox 274 1271 1906 1330; baseline 0.001 -14"><span class='ocrx_word' id='word_1_134' title='bbox 274 1271 413 1328; x_wconf 89' lang='lat' dir='ltr'>legio,</span> <span class='ocrx_word' id='word_1_135' title='bbox 438 1273 522 1315; x_wconf 93' lang='lat' dir='ltr'>che</span> <span class='ocrx_word' id='word_1_136' title='bbox 543 1272 621 1329; x_wconf 81' lang='lat' dir='ltr'>piu</span> <span class='ocrx_word' id='word_1_137' title='bbox 643 1272 876 1329; x_wconf 91' lang='lat' dir='ltr'>dispiaque</span> <span class='ocrx_word' id='word_1_138' title='bbox 898 1288 925 1317; x_wconf 89' lang='lat' dir='ltr'>a</span> <span class='ocrx_word' id='word_1_139' title='bbox 952 1272 1230 1330; x_wconf 85' lang='lat' dir='ltr'>monsignor,</span> <span class='ocrx_word' id='word_1_140' title='bbox 1257 1275 1342 1317; x_wconf 91' lang='lat' dir='ltr'>che</span> <span class='ocrx_word' id='word_1_141' title='bbox 1363 1274 1469 1329; x_wconf 91' lang='lat' dir='ltr'>quel</span> <span class='ocrx_word' id='word_1_142' title='bbox 1489 1274 1575 1317; x_wconf 89' lang='lat' dir='ltr'>che</span> <span class='ocrx_word' id='word_1_143' title='bbox 1596 1273 1739 1329; x_wconf 90' lang='lat' dir='ltr'>prima</span> <span class='ocrx_word' id='word_1_144' title='bbox 1760 1275 1906 1317; x_wconf 85' lang='lat' dir='ltr'>hauea</span> 
     </span>
     <span class='ocr_line' id='line_1_15' title="bbox 278 1348 1908 1406; baseline 0.001 -15"><span class='ocrx_word' id='word_1_145' title='bbox 278 1349 405 1391; x_wconf 88' lang='lat' dir='ltr'>fatto.</span> <span class='ocrx_word' id='word_1_146' title='bbox 434 1349 567 1393; x_wconf 92' lang='lat' dir='ltr'>Onde</span> <span class='ocrx_word' id='word_1_147' title='bbox 590 1348 653 1406; x_wconf 91' lang='lat' dir='ltr'>gli</span> <span class='ocrx_word' id='word_1_148' title='bbox 677 1350 772 1393; x_wconf 85' lang='lat' dir='ltr'>fece</span> <span class='ocrx_word' id='word_1_149' title='bbox 794 1349 839 1392; x_wconf 93' lang='lat' dir='ltr'>di</span> <span class='ocrx_word' id='word_1_150' title='bbox 861 1364 1015 1393; x_wconf 92' lang='lat' dir='ltr'>nuouo</span> <span class='ocrx_word' id='word_1_151' title='bbox 1037 1349 1071 1392; x_wconf 91' lang='lat' dir='ltr'>il</span> <span class='ocrx_word' id='word_1_152' title='bbox 1092 1349 1235 1406; x_wconf 91' lang='lat' dir='ltr'>primo</span> <span class='ocrx_word' id='word_1_153' title='bbox 1266 1351 1687 1394; x_wconf 88' lang='lat' dir='ltr'>commandamento</span> <span class='ocrx_word' id='word_1_154' title='bbox 1715 1364 1801 1394; x_wconf 92' lang='lat' dir='ltr'>con</span> <span class='ocrx_word' id='word_1_155' title='bbox 1823 1350 1908 1393; x_wconf 91' lang='lat' dir='ltr'>mi-</span> 
     </span>
     <span class='ocr_line' id='line_1_16' title="bbox 276 1425 1906 1483; baseline 0.001 -15"><span class='ocrx_word' id='word_1_156' title='bbox 276 1425 422 1470; x_wconf 91' lang='lat' dir='ltr'>nacie:</span> <span class='ocrx_word' id='word_1_157' title='bbox 442 1426 492 1481; x_wconf 90' lang='lat' dir='ltr'>jo</span> <span class='ocrx_word' id='word_1_158' title='bbox 515 1440 625 1482; x_wconf 91' lang='lat' dir='ltr'>pure</span> <span class='ocrx_word' id='word_1_159' title='bbox 646 1426 690 1468; x_wconf 93' lang='lat' dir='ltr'>lo</span> <span class='ocrx_word' id='word_1_160' title='bbox 713 1425 931 1471; x_wconf 88' lang='lat' dir='ltr'>riceuette</span> <span class='ocrx_word' id='word_1_161' title='bbox 952 1425 996 1469; x_wconf 92' lang='lat' dir='ltr'>in</span> <span class='ocrx_word' id='word_1_162' title='bbox 1020 1441 1125 1470; x_wconf 90' lang='lat' dir='ltr'>casa</span> <span class='ocrx_word' id='word_1_163' title='bbox 1146 1432 1299 1470; x_wconf 85' lang='lat' dir='ltr'>nostra</span> <span class='ocrx_word' id='word_1_164' title='bbox 1326 1442 1405 1483; x_wconf 93' lang='lat' dir='ltr'>per</span> <span class='ocrx_word' id='word_1_165' title='bbox 1434 1440 1458 1482; x_wconf 87' lang='lat'>3</span> <span class='ocrx_word' id='word_1_166' title='bbox 1481 1441 1509 1470; x_wconf 94' lang='lat' dir='ltr'>o</span> <span class='ocrx_word' id='word_1_167' title='bbox 1531 1439 1559 1480; x_wconf 87' lang='grc'>4</span> <span class='ocrx_word' id='word_1_168' title='bbox 1587 1426 1737 1483; x_wconf 90' lang='lat' dir='ltr'>giorni</span> <span class='ocrx_word' id='word_1_169' title='bbox 1757 1426 1804 1469; x_wconf 93' lang='lat' dir='ltr'>in</span> <span class='ocrx_word' id='word_1_170' title='bbox 1826 1426 1906 1471; x_wconf 88' lang='lat' dir='ltr'>Ri-</span> 
     </span>
     <span class='ocr_line' id='line_1_17' title="bbox 277 1501 1906 1560; baseline 0.001 -15"><span class='ocrx_word' id='word_1_171' title='bbox 277 1501 443 1555; x_wconf 88' lang='lat' dir='ltr'>canati,</span> <span class='ocrx_word' id='word_1_172' title='bbox 469 1509 514 1545; x_wconf 92' lang='lat' dir='ltr'>et</span> <span class='ocrx_word' id='word_1_173' title='bbox 535 1502 599 1559; x_wconf 91' lang='lat' dir='ltr'>gli</span> <span class='ocrx_word' id='word_1_174' title='bbox 622 1502 709 1547; x_wconf 91' lang='lat' dir='ltr'>feci</span> <span class='ocrx_word' id='word_1_175' title='bbox 730 1502 964 1547; x_wconf 88' lang='lat' dir='ltr'>intendere</span> <span class='ocrx_word' id='word_1_176' title='bbox 984 1502 1152 1560; x_wconf 90' lang='lat' dir='ltr'>meglio</span> <span class='ocrx_word' id='word_1_177' title='bbox 1174 1504 1259 1548; x_wconf 89' lang='lat' dir='ltr'>che</span> <span class='ocrx_word' id='word_1_178' title='bbox 1279 1509 1492 1560; x_wconf 91' lang='lat' dir='ltr'>puotesse</span> <span class='ocrx_word' id='word_1_179' title='bbox 1513 1505 1598 1548; x_wconf 92' lang='lat' dir='ltr'>che</span> <span class='ocrx_word' id='word_1_180' title='bbox 1613 1505 1758 1547; x_wconf 91' lang='lat' dir='ltr'>hauea</span> <span class='ocrx_word' id='word_1_181' title='bbox 1778 1518 1906 1547; x_wconf 91' lang='lat' dir='ltr'>man-</span> 
     </span>
     <span class='ocr_line' id='line_1_18' title="bbox 278 1578 1907 1636; baseline 0.002 -15"><span class='ocrx_word' id='word_1_182' title='bbox 278 1580 434 1634; x_wconf 90' lang='lat' dir='ltr'>chato,</span> <span class='ocrx_word' id='word_1_183' title='bbox 473 1578 713 1622; x_wconf 87' lang='lat' dir='ltr'>iscusando</span> <span class='ocrx_word' id='word_1_184' title='bbox 749 1579 977 1636; x_wconf 78' lang='lat' dir='ltr'>l&#39;asperita</span> <span class='ocrx_word' id='word_1_185' title='bbox 1014 1579 1157 1623; x_wconf 85' lang='lat' dir='ltr'>fattali</span> <span class='ocrx_word' id='word_1_186' title='bbox 1193 1579 1250 1622; x_wconf 89' lang='lat' dir='ltr'>da</span> <span class='ocrx_word' id='word_1_187' title='bbox 1286 1579 1565 1636; x_wconf 89' lang='lat' dir='ltr'>monsignor,</span> <span class='ocrx_word' id='word_1_188' title='bbox 1589 1580 1785 1624; x_wconf 90' lang='lat' dir='ltr'>secondo</span> <span class='ocrx_word' id='word_1_189' title='bbox 1822 1581 1907 1624; x_wconf 91' lang='lat' dir='ltr'>che</span> 
     </span>
     <span class='ocr_line' id='line_1_19' title="bbox 276 1654 815 1712; baseline 0.002 -14"><span class='ocrx_word' id='word_1_190' title='bbox 276 1654 411 1700; x_wconf 90' lang='lat' dir='ltr'>diede</span> <span class='ocrx_word' id='word_1_191' title='bbox 432 1661 587 1698; x_wconf 89' lang='lat' dir='ltr'>nostro</span> <span class='ocrx_word' id='word_1_192' title='bbox 617 1655 815 1712; x_wconf 91' lang='lat' dir='ltr'>signore.</span> 
     </span>
    </p>

    <p class='ocr_par' dir='ltr' id='par_1_3' title="bbox 275 1731 1906 2467">
     <span class='ocr_line' id='line_1_20' title="bbox 367 1731 1903 1790; baseline 0.001 -15"><span class='ocrx_word' id='word_1_193' title='bbox 367 1731 538 1776; x_wconf 87' lang='lat' dir='ltr'>Stiamo</span> <span class='ocrx_word' id='word_1_194' title='bbox 570 1747 596 1775; x_wconf 91' lang='lat' dir='ltr'>a</span> <span class='ocrx_word' id='word_1_195' title='bbox 627 1731 853 1786; x_wconf 86' lang='lat' dir='ltr'>Ricanati,</span> <span class='ocrx_word' id='word_1_196' title='bbox 888 1733 1008 1778; x_wconf 91' lang='lat' dir='ltr'>doue</span> <span class='ocrx_word' id='word_1_197' title='bbox 1034 1748 1113 1790; x_wconf 92' lang='lat' dir='ltr'>per</span> <span class='ocrx_word' id='word_1_198' title='bbox 1144 1732 1290 1790; x_wconf 87' lang='lat' dir='ltr'>gratia</span> <span class='ocrx_word' id='word_1_199' title='bbox 1310 1733 1367 1778; x_wconf 91' lang='lat' dir='ltr'>de</span> <span class='ocrx_word' id='word_1_200' title='bbox 1394 1739 1548 1776; x_wconf 89' lang='lat' dir='ltr'>nostro</span> <span class='ocrx_word' id='word_1_201' title='bbox 1576 1732 1770 1790; x_wconf 90' lang='lat' dir='ltr'>Signore</span> <span class='ocrx_word' id='word_1_202' title='bbox 1797 1732 1835 1776; x_wconf 89' lang='lat' dir='ltr'>si</span> <span class='ocrx_word' id='word_1_203' title='bbox 1862 1733 1903 1776; x_wconf 88' lang='lat' dir='ltr'>fa</span> 
     </span>
     <span class='ocr_line' id='line_1_21' title="bbox 276 1807 1906 1866; baseline 0.001 -15"><span class='ocrx_word' id='word_1_204' title='bbox 276 1809 419 1852; x_wconf 85' lang='lat' dir='ltr'>frutto</span> <span class='ocrx_word' id='word_1_205' title='bbox 439 1823 519 1864; x_wconf 90' lang='lat' dir='ltr'>per</span> <span class='ocrx_word' id='word_1_206' title='bbox 540 1807 616 1852; x_wconf 92' lang='lat' dir='ltr'>uia</span> <span class='ocrx_word' id='word_1_207' title='bbox 636 1807 682 1851; x_wconf 93' lang='lat' dir='ltr'>di</span> <span class='ocrx_word' id='word_1_208' title='bbox 706 1808 993 1863; x_wconf 83' lang='lat' dir='ltr'>confessioni,</span> <span class='ocrx_word' id='word_1_209' title='bbox 1019 1809 1105 1853; x_wconf 92' lang='lat' dir='ltr'>alle</span> <span class='ocrx_word' id='word_1_210' title='bbox 1126 1809 1246 1865; x_wconf 87' lang='lat' dir='ltr'>quali</span> <span class='ocrx_word' id='word_1_211' title='bbox 1267 1823 1444 1866; x_wconf 91' lang='lat' dir='ltr'>sempre</span> <span class='ocrx_word' id='word_1_212' title='bbox 1465 1810 1491 1853; x_wconf 81' lang='lat' dir='ltr'>e</span> <span class='ocrx_word' id='word_1_213' title='bbox 1506 1823 1739 1862; x_wconf 89' lang='lat' dir='ltr'>concorso,</span> <span class='ocrx_word' id='word_1_214' title='bbox 1759 1816 1805 1853; x_wconf 87' lang='lat' dir='ltr'>et</span> <span class='ocrx_word' id='word_1_215' title='bbox 1820 1810 1906 1853; x_wconf 88' lang='lat' dir='ltr'>alle</span> 
     </span>
     <span class='ocr_line' id='line_1_22' title="bbox 277 1885 1905 1940; baseline 0 -12"><span class='ocrx_word' id='word_1_216' title='bbox 277 1885 399 1928; x_wconf 89' lang='lat' dir='ltr'>uolte</span> <span class='ocrx_word' id='word_1_217' title='bbox 421 1885 560 1928; x_wconf 91' lang='lat' dir='ltr'>molto</span> <span class='ocrx_word' id='word_1_218' title='bbox 585 1885 843 1940; x_wconf 85' lang='lat' dir='ltr'>frequente:</span> <span class='ocrx_word' id='word_1_219' title='bbox 876 1892 921 1929; x_wconf 92' lang='lat' dir='ltr'>et</span> <span class='ocrx_word' id='word_1_220' title='bbox 943 1885 1106 1929; x_wconf 90' lang='lat' dir='ltr'>dicono</span> <span class='ocrx_word' id='word_1_221' title='bbox 1133 1885 1283 1930; x_wconf 86' lang='lat' dir='ltr'>alcuni</span> <span class='ocrx_word' id='word_1_222' title='bbox 1312 1887 1482 1930; x_wconf 90' lang='lat' dir='ltr'>hauere</span> <span class='ocrx_word' id='word_1_223' title='bbox 1508 1885 1674 1929; x_wconf 90' lang='lat' dir='ltr'>sentito</span> <span class='ocrx_word' id='word_1_224' title='bbox 1702 1886 1759 1929; x_wconf 92' lang='lat' dir='ltr'>da</span> <span class='ocrx_word' id='word_1_225' title='bbox 1780 1886 1905 1929; x_wconf 91' lang='lat' dir='ltr'>molti</span> 
     </span>
     <span class='ocr_line' id='line_1_23' title="bbox 275 1961 1905 2019; baseline 0.001 -14"><span class='ocrx_word' id='word_1_226' title='bbox 275 1963 363 2005; x_wconf 89' lang='lat' dir='ltr'>che</span> <span class='ocrx_word' id='word_1_227' title='bbox 384 1961 670 2019; x_wconf 88' lang='lat' dir='ltr'>pocchissimi</span> <span class='ocrx_word' id='word_1_228' title='bbox 693 1961 730 2005; x_wconf 91' lang='lat' dir='ltr'>si</span> <span class='ocrx_word' id='word_1_229' title='bbox 752 1961 972 2006; x_wconf 88' lang='lat' dir='ltr'>ritrouino</span> <span class='ocrx_word' id='word_1_230' title='bbox 993 1962 1039 2005; x_wconf 91' lang='lat' dir='ltr'>in</span> <span class='ocrx_word' id='word_1_231' title='bbox 1062 1969 1222 2019; x_wconf 86' lang='lat' dir='ltr'>questa</span> <span class='ocrx_word' id='word_1_232' title='bbox 1244 1969 1362 2006; x_wconf 88' lang='lat' dir='ltr'>terra</span> <span class='ocrx_word' id='word_1_233' title='bbox 1388 1963 1642 2006; x_wconf 89' lang='lat' dir='ltr'>ch&#39;almeno</span> <span class='ocrx_word' id='word_1_234' title='bbox 1670 1977 1760 2006; x_wconf 88' lang='lat' dir='ltr'>una</span> <span class='ocrx_word' id='word_1_235' title='bbox 1781 1963 1905 2006; x_wconf 91' lang='lat' dir='ltr'>uolta</span> 
     </span>
     <span class='ocr_line' id='line_1_24' title="bbox 276 2038 1904 2096; baseline 0.001 -14"><span class='ocrx_word' id='word_1_236' title='bbox 276 2053 370 2082; x_wconf 91' lang='lat' dir='ltr'>non</span> <span class='ocrx_word' id='word_1_237' title='bbox 393 2038 431 2082; x_wconf 93' lang='lat' dir='ltr'>si</span> <span class='ocrx_word' id='word_1_238' title='bbox 453 2038 640 2095; x_wconf 91' lang='lat' dir='ltr'>uoglino</span> <span class='ocrx_word' id='word_1_239' title='bbox 663 2039 918 2083; x_wconf 88' lang='lat' dir='ltr'>confessare</span> <span class='ocrx_word' id='word_1_240' title='bbox 940 2040 997 2083; x_wconf 89' lang='lat' dir='ltr'>da</span> <span class='ocrx_word' id='word_1_241' title='bbox 1024 2039 1120 2083; x_wconf 92' lang='lat' dir='ltr'>noi:</span> <span class='ocrx_word' id='word_1_242' title='bbox 1147 2046 1271 2082; x_wconf 87' lang='lat' dir='ltr'>tanta</span> <span class='ocrx_word' id='word_1_243' title='bbox 1292 2040 1318 2083; x_wconf 81' lang='lat' dir='ltr'>e</span> <span class='ocrx_word' id='word_1_244' title='bbox 1344 2038 1571 2096; x_wconf 91' lang='lat' dir='ltr'>lopinione</span> <span class='ocrx_word' id='word_1_245' title='bbox 1592 2039 1677 2082; x_wconf 90' lang='lat' dir='ltr'>che</span> <span class='ocrx_word' id='word_1_246' title='bbox 1704 2045 1904 2096; x_wconf 91' lang='lat' dir='ltr'>tengono</span> 
     </span>
     <span class='ocr_line' id='line_1_25' title="bbox 275 2114 1904 2172; baseline 0 -13"><span class='ocrx_word' id='word_1_247' title='bbox 275 2115 396 2160; x_wconf 89' lang='lat' dir='ltr'>della</span> <span class='ocrx_word' id='word_1_248' title='bbox 416 2114 714 2172; x_wconf 90' lang='lat' dir='ltr'>Compagnia.</span> <span class='ocrx_word' id='word_1_249' title='bbox 746 2116 872 2158; x_wconf 90' lang='lat' dir='ltr'>Hora</span> <span class='ocrx_word' id='word_1_250' title='bbox 893 2130 1070 2172; x_wconf 90' lang='lat' dir='ltr'>sempre</span> <span class='ocrx_word' id='word_1_251' title='bbox 1092 2115 1252 2159; x_wconf 91' lang='lat' dir='ltr'>stiamo</span> <span class='ocrx_word' id='word_1_252' title='bbox 1274 2115 1381 2159; x_wconf 91' lang='lat' dir='ltr'>duoi</span> <span class='ocrx_word' id='word_1_253' title='bbox 1403 2114 1672 2168; x_wconf 87' lang='lat' dir='ltr'>confessori,</span> <span class='ocrx_word' id='word_1_254' title='bbox 1696 2116 1904 2159; x_wconf 80' lang='lat' dir='ltr'>uenend&#39;o</span> 
     </span>
     <span class='ocr_line' id='line_1_26' title="bbox 277 2190 1903 2251; baseline -0.001 -14"><span class='ocrx_word' id='word_1_255' title='bbox 277 2195 340 2237; x_wconf 93' lang='lat' dir='ltr'>M.</span> <span class='ocrx_word' id='word_1_256' title='bbox 368 2193 570 2249; x_wconf 88' lang='lat' dir='ltr'>Raphael</span> <span class='ocrx_word' id='word_1_257' title='bbox 595 2193 606 2214; x_wconf 82' lang='lat'>¹</span> <span class='ocrx_word' id='word_1_258' title='bbox 630 2198 676 2236; x_wconf 89' lang='lat' dir='ltr'>et</span> <span class='ocrx_word' id='word_1_259' title='bbox 698 2194 761 2236; x_wconf 93' lang='lat' dir='ltr'>M.</span> <span class='ocrx_word' id='word_1_260' title='bbox 781 2194 852 2250; x_wconf 90' lang='lat' dir='ltr'>Jo.</span> <span class='ocrx_word' id='word_1_261' title='bbox 879 2191 1136 2249; x_wconf 89' lang='lat' dir='ltr'>Mortaigne</span> <span class='ocrx_word' id='word_1_262' title='bbox 1164 2192 1179 2213; x_wconf 81' lang='lat'>²</span> <span class='ocrx_word' id='word_1_263' title='bbox 1202 2190 1275 2250; x_wconf 92' lang='lat' dir='ltr'>[de</span> <span class='ocrx_word' id='word_1_264' title='bbox 1296 2190 1496 2251; x_wconf 88' lang='lat' dir='ltr'>Loreto?]</span> <span class='ocrx_word' id='word_1_265' title='bbox 1524 2190 1707 2246; x_wconf 87' lang='lat' dir='ltr'>alternis</span> <span class='ocrx_word' id='word_1_266' title='bbox 1727 2191 1903 2235; x_wconf 90' lang='lat' dir='ltr'>uicibus</span> 
     </span>
     <span class='ocr_line' id='line_1_27' title="bbox 277 2267 1903 2326; baseline -0.001 -12"><span class='ocrx_word' id='word_1_267' title='bbox 277 2284 358 2326; x_wconf 92' lang='lat' dir='ltr'>per</span> <span class='ocrx_word' id='word_1_268' title='bbox 379 2284 462 2313; x_wconf 91' lang='lat' dir='ltr'>sua</span> <span class='ocrx_word' id='word_1_269' title='bbox 488 2268 810 2321; x_wconf 84' lang='lat' dir='ltr'>consolatione,</span> <span class='ocrx_word' id='word_1_270' title='bbox 840 2275 886 2314; x_wconf 92' lang='lat' dir='ltr'>et</span> <span class='ocrx_word' id='word_1_271' title='bbox 912 2268 1106 2326; x_wconf 90' lang='lat' dir='ltr'>visogno</span> <span class='ocrx_word' id='word_1_272' title='bbox 1133 2268 1366 2326; x_wconf 86' lang='lat' dir='ltr'>spirituale</span> <span class='ocrx_word' id='word_1_273' title='bbox 1393 2267 1439 2311; x_wconf 92' lang='lat' dir='ltr'>di</span> <span class='ocrx_word' id='word_1_274' title='bbox 1466 2273 1627 2324; x_wconf 90' lang='lat' dir='ltr'>questo</span> <span class='ocrx_word' id='word_1_275' title='bbox 1653 2268 1830 2324; x_wconf 91' lang='lat' dir='ltr'>popolo.</span> <span class='ocrx_word' id='word_1_276' title='bbox 1855 2269 1903 2312; x_wconf 93' lang='lat' dir='ltr'>Io</span> 
     </span>
     <span class='ocr_line' id='line_1_28' title="bbox 278 2344 1903 2402; baseline -0.001 -12"><span class='ocrx_word' id='word_1_277' title='bbox 278 2359 456 2402; x_wconf 90' lang='lat' dir='ltr'>sempre</span> <span class='ocrx_word' id='word_1_278' title='bbox 477 2352 548 2390; x_wconf 89' lang='lat' dir='ltr'>sto</span> <span class='ocrx_word' id='word_1_279' title='bbox 577 2345 717 2389; x_wconf 87' lang='lat' dir='ltr'>fermo</span> <span class='ocrx_word' id='word_1_280' title='bbox 746 2359 857 2400; x_wconf 92' lang='lat' dir='ltr'>qua,</span> <span class='ocrx_word' id='word_1_281' title='bbox 886 2346 1078 2391; x_wconf 91' lang='lat' dir='ltr'>essendo</span> <span class='ocrx_word' id='word_1_282' title='bbox 1106 2345 1317 2390; x_wconf 87' lang='lat' dir='ltr'>massime</span> <span class='ocrx_word' id='word_1_283' title='bbox 1343 2345 1584 2388; x_wconf 89' lang='lat' dir='ltr'>manchato</span> <span class='ocrx_word' id='word_1_284' title='bbox 1614 2344 1656 2389; x_wconf 92' lang='lat' dir='ltr'>el</span> <span class='ocrx_word' id='word_1_285' title='bbox 1683 2357 1903 2388; x_wconf 87' lang='lat' dir='ltr'>concorso</span> 
     </span>
     <span class='ocr_line' id='line_1_29' title="bbox 277 2422 526 2467; baseline -0.004 0"><span class='ocrx_word' id='word_1_286' title='bbox 277 2422 326 2467; x_wconf 87' lang='lat' dir='ltr'>in</span> <span class='ocrx_word' id='word_1_287' title='bbox 346 2423 526 2467; x_wconf 91' lang='lat' dir='ltr'>Loreto.</span> 
     </span>
    </p>

    <p class='ocr_par' dir='ltr' id='par_1_4' title="bbox 275 2497 1904 2862">
     <span class='ocr_line' id='line_1_30' title="bbox 369 2497 1904 2554; baseline -0.003 -10"><span class='ocrx_word' id='word_1_288' title='bbox 369 2501 457 2544; x_wconf 92' lang='lat' dir='ltr'>Per</span> <span class='ocrx_word' id='word_1_289' title='bbox 479 2499 555 2542; x_wconf 79' lang='lat' dir='ltr'>uia</span> <span class='ocrx_word' id='word_1_290' title='bbox 575 2499 631 2542; x_wconf 92' lang='lat' dir='ltr'>de</span> <span class='ocrx_word' id='word_1_291' title='bbox 652 2498 866 2554; x_wconf 90' lang='lat' dir='ltr'>prediche</span> <span class='ocrx_word' id='word_1_292' title='bbox 887 2500 1031 2545; x_wconf 90' lang='lat' dir='ltr'>anche</span> <span class='ocrx_word' id='word_1_293' title='bbox 1052 2499 1179 2542; x_wconf 93' lang='lat' dir='ltr'>buon</span> <span class='ocrx_word' id='word_1_294' title='bbox 1201 2499 1340 2542; x_wconf 85' lang='lat' dir='ltr'>frutto</span> <span class='ocrx_word' id='word_1_295' title='bbox 1361 2512 1410 2542; x_wconf 92' lang='lat' dir='ltr'>se</span> <span class='ocrx_word' id='word_1_296' title='bbox 1439 2498 1497 2541; x_wconf 80' lang='lat' dir='ltr'>ne</span> <span class='ocrx_word' id='word_1_297' title='bbox 1523 2503 1704 2550; x_wconf 88' lang='lat' dir='ltr'>cauato,</span> <span class='ocrx_word' id='word_1_298' title='bbox 1728 2497 1904 2541; x_wconf 75' lang='lat' dir='ltr'>benche</span> 
     </span>
     <span class='ocr_line' id='line_1_31' title="bbox 275 2573 1899 2633; baseline -0.002 -13"><span class='ocrx_word' id='word_1_299' title='bbox 275 2576 336 2620; x_wconf 90' lang='lat' dir='ltr'>da</span> <span class='ocrx_word' id='word_1_300' title='bbox 373 2576 519 2633; x_wconf 92' lang='lat' dir='ltr'>quelle</span> <span class='ocrx_word' id='word_1_301' title='bbox 556 2574 593 2619; x_wconf 91' lang='lat' dir='ltr'>si</span> <span class='ocrx_word' id='word_1_302' title='bbox 629 2574 735 2619; x_wconf 89' lang='lat' dir='ltr'>lassi</span> <span class='ocrx_word' id='word_1_303' title='bbox 771 2575 956 2620; x_wconf 89' lang='lat' dir='ltr'>retirare</span> <span class='ocrx_word' id='word_1_304' title='bbox 989 2575 1021 2618; x_wconf 92' lang='lat' dir='ltr'>il</span> <span class='ocrx_word' id='word_1_305' title='bbox 1055 2575 1218 2632; x_wconf 92' lang='lat' dir='ltr'>popolo</span> <span class='ocrx_word' id='word_1_306' title='bbox 1253 2589 1333 2631; x_wconf 93' lang='lat' dir='ltr'>per</span> <span class='ocrx_word' id='word_1_307' title='bbox 1369 2573 1560 2631; x_wconf 87' lang='lat' dir='ltr'>cagione</span> <span class='ocrx_word' id='word_1_308' title='bbox 1591 2573 1707 2616; x_wconf 92' lang='lat' dir='ltr'>della</span> <span class='ocrx_word' id='word_1_309' title='bbox 1737 2587 1899 2618; x_wconf 89' lang='lat' dir='ltr'>messe.</span> 
     </span>
     <span class='ocr_line' id='line_1_32' title="bbox 276 2650 1903 2709; baseline -0.002 -13"><span class='ocrx_word' id='word_1_310' title='bbox 276 2651 424 2709; x_wconf 75' lang='lat' dir='ltr'>Quasi</span> <span class='ocrx_word' id='word_1_311' title='bbox 445 2652 554 2709; x_wconf 91' lang='lat' dir='ltr'>ogni</span> <span class='ocrx_word' id='word_1_312' title='bbox 583 2652 698 2696; x_wconf 86' lang='lat' dir='ltr'>festa</span> <span class='ocrx_word' id='word_1_313' title='bbox 725 2651 799 2695; x_wconf 92' lang='lat' dir='ltr'>doi</span> <span class='ocrx_word' id='word_1_314' title='bbox 828 2652 989 2697; x_wconf 86' lang='lat' dir='ltr'>fratelli</span> <span class='ocrx_word' id='word_1_315' title='bbox 1015 2651 1314 2709; x_wconf 87' lang='lat' dir='ltr'>predichano:</span> <span class='ocrx_word' id='word_1_316' title='bbox 1343 2651 1419 2696; x_wconf 90' lang='lat' dir='ltr'>nel</span> <span class='ocrx_word' id='word_1_317' title='bbox 1446 2650 1667 2707; x_wconf 90' lang='lat' dir='ltr'>hospitale</span> <span class='ocrx_word' id='word_1_318' title='bbox 1691 2650 1834 2702; x_wconf 89' lang='lat' dir='ltr'>l’uno,</span> <span class='ocrx_word' id='word_1_319' title='bbox 1858 2655 1903 2693; x_wconf 91' lang='lat' dir='ltr'>et</span> 
     </span>
     <span class='ocr_line' id='line_1_33' title="bbox 277 2725 1902 2785; baseline -0.002 -14"><span class='ocrx_word' id='word_1_320' title='bbox 277 2729 427 2772; x_wconf 87' lang='lat' dir='ltr'>l’altro</span> <span class='ocrx_word' id='word_1_321' title='bbox 448 2728 495 2772; x_wconf 91' lang='lat' dir='ltr'>in</span> <span class='ocrx_word' id='word_1_322' title='bbox 515 2729 707 2785; x_wconf 87' lang='lat' dir='ltr'>qualche</span> <span class='ocrx_word' id='word_1_323' title='bbox 727 2729 1015 2774; x_wconf 89' lang='lat' dir='ltr'>monasterio.</span> <span class='ocrx_word' id='word_1_324' title='bbox 1042 2730 1104 2773; x_wconf 93' lang='lat' dir='ltr'>M.</span> <span class='ocrx_word' id='word_1_325' title='bbox 1130 2728 1367 2785; x_wconf 91' lang='lat' dir='ltr'>Alphonso</span> <span class='ocrx_word' id='word_1_326' title='bbox 1387 2741 1477 2771; x_wconf 90' lang='lat' dir='ltr'>con</span> <span class='ocrx_word' id='word_1_327' title='bbox 1498 2727 1672 2784; x_wconf 87' lang='lat' dir='ltr'>grande</span> <span class='ocrx_word' id='word_1_328' title='bbox 1691 2725 1902 2769; x_wconf 87' lang='lat' dir='ltr'>sodisfat-</span> 
     </span>
     <span class='ocr_line' id='line_1_34' title="bbox 277 2801 1902 2862; baseline -0.001 -14"><span class='ocrx_word' id='word_1_329' title='bbox 277 2804 402 2849; x_wconf 85' lang='lat' dir='ltr'>tione</span> <span class='ocrx_word' id='word_1_330' title='bbox 422 2805 637 2862; x_wconf 81' lang='lat' dir='ltr'>predicho</span> <span class='ocrx_word' id='word_1_331' title='bbox 660 2805 897 2850; x_wconf 91' lang='lat' dir='ltr'>domenica</span> <span class='ocrx_word' id='word_1_332' title='bbox 917 2811 1098 2862; x_wconf 88' lang='lat' dir='ltr'>passata</span> <span class='ocrx_word' id='word_1_333' title='bbox 1119 2805 1166 2848; x_wconf 92' lang='lat' dir='ltr'>in</span> <span class='ocrx_word' id='word_1_334' title='bbox 1195 2818 1285 2849; x_wconf 89' lang='lat' dir='ltr'>una</span> <span class='ocrx_word' id='word_1_335' title='bbox 1312 2805 1370 2847; x_wconf 92' lang='lat' dir='ltr'>de</span> <span class='ocrx_word' id='word_1_336' title='bbox 1389 2803 1468 2861; x_wconf 77' lang='lat' dir='ltr'>piu</span> <span class='ocrx_word' id='word_1_337' title='bbox 1494 2803 1667 2860; x_wconf 88' lang='lat' dir='ltr'>grande</span> <span class='ocrx_word' id='word_1_338' title='bbox 1693 2801 1902 2859; x_wconf 84' lang='lat' dir='ltr'>parochie</span> 
     </span>
    </p>
   </div>
   <div class='ocr_carea' id='block_1_3' title="bbox 279 2892 542 2900">
    <p class='ocr_par' dir='ltr' id='par_1_5' title="bbox 279 2892 542 2900">
     <span class='ocr_line' id='line_1_35' title="bbox 279 2892 542 2900; baseline 0 532"><span class='ocrx_word' id='word_1_339' title='bbox 279 2892 542 2900; x_wconf 95' lang='lat' dir='ltr'> </span> 
     </span>
    </p>
   </div>
   <div class='ocr_carea' id='block_1_4' title="bbox 279 2923 1900 3094">
    <p class='ocr_par' dir='ltr' id='par_1_6' title="bbox 279 2923 1900 3094">
     <span class='ocr_line' id='line_1_36' title="bbox 351 2923 1900 2976; baseline -0.004 -11"><span class='ocrx_word' id='word_1_340' title='bbox 351 2931 363 2952; x_wconf 82' lang='lat'>¹</span> <span class='ocrx_word' id='word_1_341' title='bbox 412 2929 456 2964; x_wconf 89' lang='lat' dir='ltr'>P.</span> <span class='ocrx_word' id='word_1_342' title='bbox 490 2929 663 2976; x_wconf 87' lang='lat' dir='ltr'>Raphael</span> <span class='ocrx_word' id='word_1_343' title='bbox 696 2927 832 2975; x_wconf 89' lang='lat' dir='ltr'>Riera,</span> <span class='ocrx_word' id='word_1_344' title='bbox 866 2928 977 2975; x_wconf 90' lang='lat' dir='ltr'>cujus</span> <span class='ocrx_word' id='word_1_345' title='bbox 1010 2928 1141 2976; x_wconf 87' lang='lat' dir='ltr'>plures</span> <span class='ocrx_word' id='word_1_346' title='bbox 1169 2927 1421 2964; x_wconf 88' lang='lat' dir='ltr'>inveniuntur</span> <span class='ocrx_word' id='word_1_347' title='bbox 1456 2926 1645 2974; x_wconf 89' lang='lat' dir='ltr'>epistolae</span> <span class='ocrx_word' id='word_1_348' title='bbox 1674 2925 1775 2962; x_wconf 89' lang='lat' dir='ltr'>inter</span> <span class='ocrx_word' id='word_1_349' title='bbox 1806 2923 1900 2960; x_wconf 72' lang='lat' dir='ltr'>Litt.</span> 
     </span>
     <span class='ocr_line' id='line_1_37' title="bbox 279 2987 703 3034; baseline -0.002 -10"><span class='ocrx_word' id='word_1_350' title='bbox 279 2988 441 3032; x_wconf 75' lang='lat' dir='ltr'>Quadr.</span> <span class='ocrx_word' id='word_1_351' title='bbox 461 2987 575 3034; x_wconf 88' lang='lat' dir='ltr'>hujus</span> <span class='ocrx_word' id='word_1_352' title='bbox 593 2987 703 3024; x_wconf 90' lang='lat' dir='ltr'>anni.</span> 
     </span>
     <span class='ocr_line' id='line_1_38' title="bbox 346 3040 1900 3094; baseline -0.003 -12"><span class='ocrx_word' id='word_1_353' title='bbox 346 3048 360 3068; x_wconf 80' lang='lat'><strong>²</strong></span> <span class='ocrx_word' id='word_1_354' title='bbox 410 3047 453 3082; x_wconf 95' lang='lat' dir='ltr'>P.</span> <span class='ocrx_word' id='word_1_355' title='bbox 474 3048 645 3093; x_wconf 90' lang='lat' dir='ltr'>Joannes</span> <span class='ocrx_word' id='word_1_356' title='bbox 663 3046 895 3094; x_wconf 86' lang='lat' dir='ltr'>Mortaigne,</span> <span class='ocrx_word' id='word_1_357' title='bbox 913 3047 977 3083; x_wconf 91' lang='lat' dir='ltr'>vel</span> <span class='ocrx_word' id='word_1_358' title='bbox 995 3046 1208 3093; x_wconf 85' lang='lat' dir='ltr'>Mortagna.</span> <span class='ocrx_word' id='word_1_359' title='bbox 1228 3046 1445 3092; x_wconf 80' lang='lat' dir='ltr'>POLANco,</span> <span class='ocrx_word' id='word_1_360' title='bbox 1464 3049 1493 3080; x_wconf 92' lang='lat' dir='ltr'>t.</span> <span class='ocrx_word' id='word_1_361' title='bbox 1512 3052 1552 3084; x_wconf 84' lang='lat' dir='ltr'>v,</span> <span class='ocrx_word' id='word_1_362' title='bbox 1572 3054 1661 3091; x_wconf 88' lang='lat' dir='ltr'>pag.</span> <span class='ocrx_word' id='word_1_363' title='bbox 1679 3050 1739 3088; x_wconf 94' lang='lat'>77,</span> <span class='ocrx_word' id='word_1_364' title='bbox 1754 3053 1794 3079; x_wconf 87' lang='lat' dir='ltr'>n.</span> <span class='ocrx_word' id='word_1_365' title='bbox 1812 3040 1900 3078; x_wconf 77' lang='lat'>182.</span> 
     </span>
    </p>
   </div>
  </div>
 </body>
</html>
