2034 3476
752 263 796 300 19
821 254 1014 291 Aueusn
1041 261 1134 299 1554
1439 291 1441 293 ,
1638 251 1709 299 319

120 355 327 401 vicedoni
343 355 486 413 regio,
507 355 833 413 Christophoro
852 356 966 400 Poll.
979 357 1046 399 La
1061 355 1239 400 intrada
1255 356 1281 400 6
1297 356 1355 400 de
1371 355 1493 400 mille
1509 362 1555 399 et
1571 355 1756 399 ducenti

122 433 284 487 fiorini,
305 433 524 490 assignati
542 448 675 490 sopra
691 433 722 476 li
738 433 845 478 beni
862 433 980 476 della
996 446 1191 487 camera,
1210 432 1324 485 6106,
1339 447 1469 477 corne
1486 432 1529 475 io
1547 431 1752 485 intendo,

119 517 448 562 securamente,
479 516 525 554 et
553 524 601 554 se
632 510 675 553 fa
697 511 726 553 l’
758 509 1066 567 assignatione
1089 510 1147 553 de
1184 516 1346 565 questa
1371 523 1548 552 summa
1573 524 1653 566 per
1684 509 1754 552 in-

122 594 318 631 tretener
342 599 393 642 31
419 601 627 643 persone,
653 594 699 630 et
721 586 759 630 si
787 586 991 631 riceuera
1018 587 1076 631 de
1100 593 1169 631 tre
1195 585 1308 630 mesi
1335 586 1380 629 in
1412 593 1481 630 tre
1503 585 1637 638 mesi,
1662 600 1755 629 non

121 679 206 720 pur
226 664 388 709 adesso
409 670 543 717 tutta,
569 678 712 708 senon
734 663 932 707 secondo
954 663 985 706 il
1006 677 1196 708 numero
1212 663 1330 708 delle
1346 678 1538 719 persone
1555 663 1755 720 presenti

120 741 193 784 del
214 739 422 797 collegio.
449 741 616 796 Quello
638 742 723 785 6116
745 740 843 784 loro
866 739 1089 785 estimano
1105 740 1164 785 de
1184 739 1411 796 supercio,
1435 754 1494 782 va
1514 740 1601 783 alle
1623 753 1754 796 repa-

119 816 280 861 rationi
302 823 347 862 et
369 824 617 874 augmento
639 817 756 861 della
777 831 882 861 casa
898 823 1068 870 nostra,
1087 823 1134 860 et
1150 816 1192 860 61
1208 831 1265 860 va
1282 831 1414 873 spese
1436 817 1553 860 assai
1574 817 1750 870 adesso3

119 908 193 938 ma
219 894 320 939 dice
347 893 376 936 il
407 893 646 948 vicedono,
677 895 762 938 6116
790 893 1014 950 possiamo
1040 908 1122 950 per
1142 893 1405 951 supplicche
1428 893 1647 939 ricorrere
1668 894 1756 937 alla

117 973 288 1015 maesta
309 971 383 1014 del
404 985 468 1024 re,
494 971 670 1015 benche
692 986 802 1028 pare
818 972 904 1015 6116
926 985 1018 1014 non
1038 970 1206 1014 habbia
1226 970 1291 1014 lui
1313 970 1628 1015 commissione
1650 985 1755 1028 spe-

119 1047 248 1092 cialle
269 1048 326 1092 de
346 1062 483 1091 cauar
505 1048 561 1092 de
584 1054 745 1103 questa
766 1062 939 1091 somma
959 1047 1132 1092 denarii
1154 1062 1234 1104 per
1256 1047 1441 1092 edifiear
1468 1062 1495 1091 0
1523 1061 1754 1092 acommo-

117 1125 198 1168 dar
239 1131 400 1180 questo
437 1124 710 1168 monasterio
748 1124 836 1168 alla
873 1124 1146 1168 commodita
1177 1131 1332 1168 nostra
1368 1131 1415 1168 et
1449 1124 1556 1168 delli
1592 1124 1754 1169 scolari

121 1200 281 1244 nostri.

210 1277 324 1322 Dice
339 1277 495 1322 chelui
506 1277 691 1330 ritroua,
707 1278 906 1322 secondo
922 1277 953 1320 11
970 1277 1092 1321 conti
1109 1277 1225 1330 suoi,
1246 1279 1331 1323 che
1348 1292 1398 1321 se
1415 1279 1441 1322 6
1458 1293 1618 1335 espeso
1634 1293 1754 1323 anno

121 1369 201 1411 per
222 1369 340 1398 anno
356 1369 436 1411 per
452 1354 483 1397 il
499 1354 693 1411 collegio
710 1361 866 1398 nostro
882 1369 969 1411 900
991 1354 1163 1408 fiorini,
1188 1354 1286 1398 6106
1308 1354 1403 1412 [sic]
1431 1365 1473 1401 Δ
1508 1355 1677 1399 incirca
1709 1363 1754 1401 et

120 1431 249 1487 quasi
272 1432 373 1475 600.
398 1431 549 1476 Siamo
570 1431 687 1475 della
709 1430 993 1488 Compagnia
1015 1443 1070 1475 22
1093 1438 1139 1474 et
1155 1444 1183 1486 4
1201 1431 1424 1484 seruitori,
1450 1432 1556 1476 delli
1573 1433 1693 1489 quali
1710 1434 1754 1476 10

118 1522 228 1561 vno,
253 1508 477 1551 chiamato
499 1507 704 1561 Nicolao,
730 1508 902 1561 sclauo,
928 1522 976 1552 se
998 1510 1058 1552 ha
1093 1510 1254 1553 offerto
1275 1523 1302 1552 a
1333 1516 1428 1552 star
1459 1523 1638 1566 sempre
1667 1523 1753 1554 con

117 1583 210 1638 noi,
235 1586 406 1628 huomo
434 1584 663 1641 sempliee.

173 1714 182 1715 ἶ
204 1661 293 1705 Doi
314 1661 499 1718 giouani
519 1662 577 1707 de
598 1661 742 1705 nostri
759 1662 937 1715 scolari,
956 1662 1150 1707 essendo
1166 1661 1304 1719 spinti
1321 1663 1379 1706 da
1398 1663 1561 1707 Carolo
1578 1671 1749 1717 nostro,

118 1737 253 1781 fanno
276 1738 490 1782 instantia
511 1753 591 1795 per
613 1738 924 1796 aggiungerse
940 1740 1027 1784 alla
1043 1739 1341 1797 Compagnia.
1363 1741 1488 1785 Sono
1506 1741 1755 1786 solamente

116 1815 174 1858 de
194 1814 374 1859 incerea
388 1816 446 1860 de
474 1829 525 1870 14
547 1815 671 1870 anni,
695 1817 752 1860 de
773 1817 925 1861 buone
947 1816 1078 1873 parti.
1105 1817 1194 1861 Del
1214 1817 1325 1861 luno
1343 1831 1435 1860 non
1459 1817 1754 1862 dubitaressi-

117 1906 208 1947 mo,
232 1907 282 1937 se
303 1907 394 1936 non
415 1894 608 1937 hauesse
629 1908 691 1936 vn
712 1893 892 1937 braccio
915 1893 1044 1951 quasi
1071 1893 1336 1950 impotente,
1367 1894 1397 1936 il
1427 1895 1559 1950 quale
1581 1909 1673 1938 non
1706 1896 1754 1939 fu

118 1970 208 2014 ben
230 1969 410 2026 guarito
433 1986 458 2014 e
486 1977 644 2013 sanato
672 1970 746 2013 del
776 1969 1090 2027 chhurgiano,
1120 1970 1166 2013 di
1194 1971 1328 2014 modo
1357 1973 1442 2016 che
1474 1986 1566 2014 non
1594 1973 1635 2016 le
1663 1973 1755 2029 puo

119 2047 356 2091 estendere
377 2047 541 2099 dretto,
567 2048 743 2090 benehe
765 2047 808 2090 lo
830 2047 951 2103 possi
967 2048 1178 2092 halsarne
1195 2062 1333 2104 supra
1349 2055 1395 2093 et
1412 2047 1459 2091 in
1476 2049 1583 2092 alto.
1605 2049 1670 2093 La
1687 2050 1756 2093 fe-

119 2121 204 2165 rita
225 2137 306 2166 sua
330 2123 406 2167 fue
427 2137 610 2179 apresso
631 2123 705 2168 del
726 2122 880 2167 cubito
901 2122 1056 2176 dritto,
1082 2131 1127 2168 et
1149 2138 1229 2180 per
1251 2131 1412 2179 questo
1434 2139 1526 2168 non
1554 2126 1579 2169 6
1607 2126 1757 2181 quella

119 2213 252 2242 mano
274 2206 401 2243 tanto
425 2201 598 2256 grande
619 2214 749 2245 come
771 2201 800 2242 l'
826 2201 954 2244 altra.
982 2202 1096 2244 Pare
1113 2202 1199 2245 che
1214 2200 1341 2244 Iddio
1359 2201 1524 2245 habbia
1540 2216 1756 2259 compen-

119 2282 218 2319 sato
239 2277 391 2331 quello
413 2276 686 2321 detrimento
709 2278 957 2333 corporalle
976 2291 1064 2320 6011
1085 2277 1193 2320 doni
1215 2277 1451 2334 spirituali:
1478 2286 1603 2322 tanto
1625 2294 1755 2322 mon-

121 2359 214 2396 stra
235 2354 386 2396 buona
407 2353 719 2410 phisionomia,
740 2353 961 2397 modestia
978 2362 1023 2399 et
1039 2354 1252 2398 maturita
1269 2355 1325 2399 de
1342 2354 1542 2412 ingenio.
1570 2357 1621 2399 L’
1642 2356 1756 2398 altro

121 2430 147 2472 6
168 2429 291 2482 viuo,
318 2437 363 2474 et
385 2445 476 2473 non
498 2430 713 2474 dissimile
729 2445 756 2474 a
770 2429 993 2488 Joannieo
1010 2430 1272 2487 Sanjianno.
1299 2431 1462 2476 Vorrei
1484 2446 1647 2488 pregar
1668 2433 1754 2475 alla

123 2507 181 2550 V.
208 2508 260 2550 P.
287 2508 372 2550 che
393 2507 434 2550 ei
456 2507 587 2550 dasse
608 2506 654 2551 in
677 2514 838 2562 questa
858 2514 985 2563 parte
1006 2506 1038 2549 il
1059 2521 1143 2551 suo
1164 2507 1310 2561 auiso,
1336 2523 1386 2553 se
1412 2508 1488 2552 noi
1516 2509 1756 2552 dobbiamo

124 2581 325 2625 riceuere
346 2590 391 2626 et
412 2583 596 2627 indurre
617 2583 702 2627 alla
724 2583 1007 2640 Compagnia
1028 2590 1182 2627 nostra
1204 2583 1390 2641 giouani
1411 2585 1559 2638 simili,
1581 2585 1676 2628 6106
1699 2585 1756 2629 de

124 2658 300 2711 dodeci,
331 2672 383 2713 14
405 2674 432 2702 0
462 2671 510 2714 15
534 2659 655 2712 anni,
682 2667 727 2704 et
748 2660 805 2703 de
827 2673 970 2716 pocca
991 2659 1195 2705 scientia.
1229 2662 1276 2704 Io
1304 2676 1396 2704 non
1425 2669 1564 2718 tengo
1594 2669 1755 2718 troppo

126 2734 349 2792 raggione
370 2736 427 2778 de
447 2736 655 2781 dubitare
676 2752 702 2780 a
719 2736 941 2789 riceuerli,
961 2750 1071 2780 seno
1089 2736 1133 2779 in
1153 2735 1323 2793 quanto
1340 2738 1383 2781 io
1402 2739 1462 2780 mi
1479 2738 1655 2781 rieordo
1672 2739 1757 2781 6116

126 2813 183 2856 V.
209 2813 263 2854 R.
285 2812 440 2856 soleua
462 2812 557 2856 dire
577 2814 662 2856 che
684 2827 776 2856 non
796 2813 828 2855 li
848 2828 983 2870 parea
1004 2813 1114 2857 vtile
1135 2813 1180 2856 di
1203 2813 1404 2859 riceuere
1418 2814 1550 2858 simili
1573 2829 1598 2857 a
1614 2816 1756 2872 Joan-

126 2887 245 2940 nico,
272 2888 432 2940 Paulo,
454 2889 717 2943 Antonello,
741 2896 787 2932 et
808 2890 866 2933 de
887 2889 1031 2935 simile
1053 2891 1200 2934 etade.
1228 2892 1293 2934 La
1314 2891 1534 2947 raggione
1557 2898 1708 2933 nostra
1731 2891 1756 2934 6

128 2971 302 3021 questa:
330 2963 722 3017 Primieramente,
746 2965 824 3021 piu
854 2966 1079 3011 trattabile
1117 2974 1162 3012 et
1184 2967 1354 3012 humile
1376 2969 1400 3011 e
1430 2968 1458 3009 l’
1489 2966 1674 3023 ingenio
1701 2967 1757 3010 de

130 3040 351 3095 todeschi,
375 3042 460 3084 che
486 3041 544 3085 de
572 3041 765 3085 alchune
787 3042 899 3086 altre
921 3041 1107 3086 nationi,
1128 3044 1256 3096 Item,
1276 3058 1325 3088 se
1342 3043 1527 3087 doueria
1545 3043 1638 3087 fare
1654 3042 1757 3086 dili-
