2034 3476
848 252 863 279 1
893 244 1007 290 Jumr
1035 250 1127 288 1554
1694 245 1764 282 223

165 346 285 399 acio,
309 346 372 391 sel
391 352 548 403 patese
565 360 671 390 cosa
692 345 870 399 alcuna,
889 344 992 388 chel
1011 344 1159 387 Padre
1175 351 1335 389 eterno
1352 359 1433 402 per
1455 360 1609 391 amore
1626 347 1683 391 de
1699 348 1811 404 Jessi

167 422 322 467 Cristo
344 437 394 467 se
415 422 559 480 degni·
577 423 634 467 de
655 422 893 467 leberarlo.
925 422 962 464 E
982 422 1270 465 anchorache
1295 422 1345 478 jo
1367 422 1503 466 habia
1525 422 1571 466 di
1592 423 1807 480 bizogno,

169 513 264 543 non
284 499 463 543 ricordo
484 515 511 544 a
533 501 590 544 V.
614 501 665 543 P.
690 501 748 544 de
768 513 933 556 pregar
954 513 1035 554 per
1056 498 1134 553 mj,
1155 500 1323 554 perche
1339 499 1390 555 jo
1414 506 1555 556 tengo
1577 506 1703 544 certo
1726 501 1811 544 che

166 577 320 632 quella
339 575 371 619 il
395 576 502 620 satia
524 592 604 633 per
626 591 710 620 sua
730 575 981 629 humanita3
1006 589 1031 618 e
1053 589 1133 631 per
1159 575 1203 619 1ε
1225 576 1372 632 gratie
1394 578 1480 620 che
1501 577 1544 620 13
1568 579 1622 621 P.
1653 578 1711 621 V.
1737 592 1810 622 me

165 655 230 697 ha
246 654 376 706 fatto,
398 669 470 698 me
488 656 546 697 ha
560 653 842 697 certifichato
865 654 948 696 che
970 652 1121 708 quella
1138 667 1212 697 me
1228 667 1254 696 a
1271 653 1411 697 carita
1432 668 1514 710 per
1535 655 1638 697 Iesii
1660 653 1764 708 X.⁰‚
1785 670 1811 699 e

168 732 256 774 che
279 731 322 774 la
343 730 525 774 desidra
547 731 589 774 el
609 731 714 774 bem
736 731 794 774 de
815 729 981 773 lanima
1003 728 1108 772 mia.

258 808 532 851 Venerando
557 809 609 851 Ρ.
636 806 741 850 mio.
765 807 827 852 Se
843 820 981 863 posso
997 819 1104 849 cosa
1120 806 1284 850 alcuna
1300 820 1381 863 per
1403 808 1569 862 quella,
1595 809 1681 851 che
1701 809 1744 851 13
1761 822 1810 852 se

163 884 310 941 degni
330 884 640 928 comandarmi
661 898 794 927 come
816 899 843 927 3
863 897 998 927 serua
1019 898 1045 927 e
1067 882 1254 939 figliola,
1280 885 1449 940 perche
1477 884 1507 926 il
1530 884 1684 928 debito
1707 886 1732 928 e
1753 885 1811 928 de

168 960 369 1006 reuerire
391 975 417 1004 e
438 962 494 1005 de
522 961 706 1005 obedire
735 976 761 1005 a
790 961 941 1017 quella
968 975 1048 1016 per
1075 961 1179 1003 Iessi
1201 960 1283 1004 X.⁰
1311 960 1456 1005 infino
1484 977 1511 1005 a
1532 962 1576 1005 la
1597 969 1758 1007 morte:
1785 977 1810 1006 e

163 1052 258 1082 »con
274 1045 435 1094 questo
452 1038 584 1081 finise
600 1038 978 1081 domandandoue
994 1052 1075 1093 ρει·
1092 1038 1195 1080 Iesfi
1217 1036 1304 1081 X.⁰
1327 1038 1370 1081 13
1391 1038 1683 1083 beneditione
1709 1040 1737 1082 ¹.
1758 1041 1810 1082 In

169 1117 208 1159 F
210 1130 338 1160 erara
359 1115 434 1158 alli
458 1129 514 1170 30
533 1116 592 1160 de
614 1114 768 1172 Magio
797 1125 921 1170 1554.
945 1116 1002 1158 D.
1030 1115 1087 1158 V.
1116 1116 1169 1157 P.
1195 1113 1396 1171 indegna
1416 1115 1589 1172 figliola
1610 1130 1636 1160 e
1657 1130 1806 1171 serua,

1125 1193 1289 1235 MARIA
1321 1206 1414 1238 DAL
1446 1193 1628 1237 GEsso.

262 1269 521 1324 Inscriptio:
542 1269 603 1312 Al
625 1269 764 1312 molto
795 1269 909 1312 Rdo.
939 1268 1101 1320 Padre,
1127 1267 1158 1310 il
1181 1269 1235 1311 P.
1268 1270 1332 1312 M.
1359 1268 1553 1325 Ignatio,
1579 1270 1811 1326 superiore

166 1346 387 1403 ¹generale
418 1346 474 1389 de
506 1346 549 1389 13
581 1345 867 1402 Compagnia
899 1345 944 1388 di
970 1347 1098 1403 Jesii.
1125 1347 1175 1388 In
1212 1352 1343 1389 santa
1366 1346 1510 1390 Maria
1542 1347 1598 1391 de
1628 1349 1807 1401 Strada,

167 1437 333 1479 apreso
354 1437 380 1466 a
401 1429 532 1466 santo
555 1424 757 1467 Marcho.
785 1423 836 1465 In
858 1423 1017 1465 Roma.

934 1660 1057 1700 823

781 1761 1000 1798 MARCUS
1026 1759 1197 1807 JORGE

583 1858 633 1882 ex
651 1845 848 1884 commiss.
869 1845 915 1882 P.
934 1844 1136 1880 Michaelis
1154 1844 1203 1880 de
1221 1844 1390 1891 Bairros,

539 1931 728 1974 PATRI
764 1930 1028 1974 IGNATIO
1067 1929 1149 1972 DE
1186 1929 1449 1973 LOYOLA

736 2033 878 2061 EBORA
907 2033 922 2059 1
950 2033 1057 2067 JUN11
1085 2031 1176 2069 1554
1200 2025 1234 2060 ².

305 2108 439 2145 Status
457 2108 661 2144 eborensis
678 2106 1104 2154 collegii.-Soei0rum
1121 2118 1307 2143 numerus
1326 2111 1366 2143 et
1383 2107 1674 2154 occupationes.

942 2227 1044 2271 IHS

263 2319 375 2372 Muy
407 2317 521 2375 Rdo.
554 2331 612 2360 en
640 2315 824 2360 Christo
854 2316 1018 2359 Padre.
1051 2317 1116 2359 La
1143 2315 1298 2372 gracia
1324 2331 1354 2372 y
1384 2330 1512 2359 amor
1542 2324 1726 2360 aeterno
1754 2318 1810 2360 de

172 2394 359 2438 Christo
380 2400 568 2438 nuestro
589 2400 723 2438 sefior
745 2408 823 2438 sea
843 2407 1052 2450 syempre
1073 2407 1131 2437 en
1152 2399 1362 2437 nuestras
1379 2394 1533 2437 almas.
1557 2394 1722 2437 Amen.
1744 2395 1810 2437 Lo

246 2565 258 2588 ¹
308 2567 506 2612 Legantur
522 2577 622 2613 quae
639 2565 689 2601 de
713 2570 889 2601 matrona
912 2564 1033 2600 Maria
1058 2564 1239 2600 Frassoni
1263 2564 1326 2600 del
1353 2565 1482 2601 Gesso
1508 2565 1556 2600 ad
1582 2577 1663 2600 rem
1690 2564 1807 2600 tradit

173 2626 391 2670 POLANco‚
416 2630 446 2660 t.
470 2635 524 2672 lv,
549 2637 638 2672 pag.
663 2625 725 2669 66,
749 2637 794 2660 n.
832 2634 911 2669 119:
945 2624 1086 2671 «Quod
1112 2623 1253 2659 attinet
1282 2624 1331 2659 ad
1360 2623 1607 2660 fundatorem
1637 2624 1806 2670 Collegii

174 2684 494 2731 Ferrariensis...‚
525 2685 568 2720 P.
588 2684 740 2731 Ignatio
770 2684 977 2720 videbatur
1000 2695 1129 2719 coram
1154 2684 1239 2719 Deo
1256 2683 1453 2719 fundatrix
1478 2696 1611 2719 esse...
1638 2683 1805 2718 Domina

173 2743 294 2779 Maria
306 2743 369 2779 del
383 2743 530 2788 Giessi,
543 2743 654 2790 cujus
669 2744 852 2791 expensis
868 2749 907 2779 et
924 2743 1062 2779 domus
1081 2748 1121 2778 et
1135 2743 1302 2779 ecclesia
1316 2744 1469 2790 propria
1483 2742 1659 2788 Collegio
1674 2748 1805 2788 empta

168 2801 360 2846 fuerat...‚
376 2806 415 2836 et
433 2801 531 2837 ita...
550 2813 618 2848 pro
636 2813 697 2847 ea,
716 2807 759 2838 ut
777 2801 1008 2845 fundatrice,
1031 2802 1170 2837 Missas
1188 2801 1380 2837 celebrari
1394 2802 1513 2848 jussit
1519 2815 1582 2837 ....
1602 2806 1681 2836 etc.
1703 2800 1803 2836 Vide

170 2866 343 2905 caetera,
361 2871 460 2907 quae
477 2860 532 2896 ibi
549 2860 731 2896 dicuntur
748 2866 788 2896 et
808 2861 954 2896 cartas
970 2862 1018 2896 de
1037 2861 1121 2896 San
1136 2861 1316 2908 Ignacio,
1336 2866 1368 2897 t.
1392 2870 1448 2907 1v,
1467 2873 1596 2907 saepe.

246 2922 260 2943 ²
310 2920 369 2955 Ex
387 2920 626 2966 autographo
642 2919 683 2955 in
700 2920 777 2956 vol.
795 2921 842 2966 E,
861 2920 975 2955 unico
993 2919 1102 2966 folio,
1120 2932 1160 2955 n.
1183 2920 1264 2964 180,
1283 2920 1390 2967 prius
1407 2930 1491 2965 492.
1514 2919 1640 2965 Hujus
1661 2920 1804 2967 episto-

175 2981 236 3015 lae
254 2978 359 3014 aliud
377 2978 495 3013 etiam
519 2979 741 3025 exemplum
765 2984 826 3014 est
855 2979 1058 3025 originale,
1077 2979 1192 3015 unico
1211 2979 1306 3015 item
1336 2979 1442 3023 folio,
1467 2979 1506 3014 in
1537 2978 1675 3015 eodem
1705 2980 1802 3026 vol.‚

171 3050 214 3076 n.
237 3038 319 3085 181,
337 3036 444 3085 prius
460 3035 544 3083 493.
