2060 3432
840 231 975 268 Innssx
1001 239 1145 268 RERUM
1690 240 1760 279 917

217 334 288 366 set
305 341 382 366 non
400 330 600 378 expedire,
623 330 703 377 1733
722 343 796 368 nee
819 330 957 367 admit-

217 389 276 425 tit
291 394 383 425 vota
404 387 622 438 cujusdam,
645 390 739 427 facti
757 389 956 439 participis

219 447 487 495 spiritualium
516 450 705 486 bonorum
732 449 956 494 Societatis,

230 514 310 552 1743
329 507 413 543 edit
426 507 466 543 in
479 519 596 544 causa
615 509 783 546 Simonis
797 508 957 545 Roderi-

217 566 278 602 ‹eii
295 567 438 603 eximia
461 568 649 605 virtutum
675 569 868 615 exempla,
890 567 957 604 180

227 630 269 661 et
290 637 415 674 seqq.;
447 628 599 663 obtinet
628 639 650 663 a
679 627 862 675 pontifice
887 638 957 674 pro

227 684 376 721 Didaco
390 685 438 721 de
453 686 632 723 Cordoba
650 686 899 734 privilegium
913 686 955 722 li-

226 743 388 779 berandi
413 746 588 792 quolibet
614 757 722 782 sacro
740 745 907 781 animam
934 756 956 781 a

226 803 450 849 purgatorio
467 804 573 851 igne,
596 804 675 850 198;
696 809 804 840 vetat
824 803 956 840 Fride-

216 861 346 897 'ricum
377 861 578 909 Maurique
605 874 718 898 suum
744 873 887 898 nomen
915 862 956 899 in

226 919 331 955 aliud
354 926 607 967 commutare,
634 930 717 966 2113
743 932 812 968 pro
835 921 956 958 Maria

217 977 274 1014 de
308 979 450 1026 Gesso,
485 991 558 1016 ceu
592 979 809 1016 fundatrice
839 979 956 1015 ferra-

224 1037 364 1073 riensis
389 1039 560 1086 collegii,
591 1051 700 1075 sacra
723 1039 808 1075 fieri
826 1038 954 1086 jubet,

218 1095 307 1142 .223;
339 1108 463 1145 aequo
492 1099 621 1134 animo
644 1098 720 1134 fert
740 1100 957 1134 vehemen-

225 1159 306 1191 tem
323 1156 619 1203 responsionem
639 1157 765 1193 Patris
785 1156 955 1204 Oviedo,

226 1214 447 1262 episcopale
497 1228 637 1251 munus
683 1215 953 1260 detrectantis3

224 1272 342 1308 immo
376 1274 485 1309 illum
519 1275 708 1318 hortatur,
744 1280 801 1320 ut,
836 1285 955 1322 quan-

199 1338 307 1377 ,tum
341 1333 479 1380 possit,
514 1335 687 1380 resistat,
721 1333 804 1380 234;
840 1334 955 1370 docet

222 1404 297 1439 qua
330 1393 482 1428 ratione
517 1393 692 1429 Societas
726 1405 770 1429 se
804 1393 954 1439 obliget

215 1461 310 1485 cum
360 1450 614 1497 collegiorum
664 1451 951 1497 fundatoribus,

221 1509 304 1553 2663
321 1520 466 1545 morem
479 1510 583 1556 gerit
597 1509 807 1545 Laurentio
822 1509 872 1545 de
886 1509 953 1545 Vi-

220 1568 302 1615 rili,
331 1570 433 1604 bene
466 1569 515 1605 de
539 1569 735 1607 Societate
770 1568 950 1611 merenti,

215 1627 303 1671 2813
328 1639 428 1674 quae
451 1628 563 1674 signa
584 1627 834 1674 gratitudinis
858 1639 952 1674 erga

221 1684 445 1722 fundatores
477 1687 731 1733 collegiorum
764 1686 951 1723 exhiben-

195 1789 201 1791 „
221 1744 270 1779 da
286 1745 480 1786 statuerit,
506 1744 590 1790 3013
616 1755 693 1781 non
717 1744 793 1780 sibi
813 1745 950 1791 proba-

220 1808 282 1839 tur
315 1803 625 1840 adolescentulos
659 1809 794 1840 tenera
833 1803 949 1839 nimis

212 1868 347 1899 aetate
377 1863 418 1900 in
447 1863 685 1899 Societatem
716 1862 882 1907 admitti3
910 1861 950 1897 id

219 1926 351 1958 tamen
396 1923 435 1958 in
478 1922 710 1969 quibusdam
756 1921 949 1969 adjunctis

219 1980 304 2016 fieri
320 1986 428 2016 recte
452 1992 566 2028 posse
587 1981 751 2027 judicat,
776 1980 949 2027 319-3213

219 2038 470 2075 Pelletarium
489 2039 670 2075 informat
693 2039 741 2075 ad
763 2051 950 2075 revocan-

213 2097 308 2133 «dam
326 2109 348 2132 a
361 2098 442 2133 suis
456 2098 651 2134 erroribus
666 2099 865 2134 Ferrariae
879 2098 949 2141 duss

214 2156 375 2202 cissam,
409 2157 617 2201 Renatam,
655 2156 744 2202 3373
781 2157 950 2193 Theoto-

220 2215 342 2262 nium,
361 2216 558 2252 volentem
579 2216 759 2251 Venetiis
783 2227 872 2251 cum
890 2215 950 2251 Si-

220 2286 334 2310 mone
358 2274 565 2310 Rodericio
595 2275 755 2321 versari,
786 2275 949 2311 Romam

216 2333 331 2380 jubet
360 2333 511 2380 venire,
541 2332 624 2379 341;
651 2333 808 2369 Melitae
826 2335 948 2370 colle·

220 2392 329 2439 gium
354 2392 636 2429 instituendum
660 2397 810 2437 censet,
829 2398 873 2428 ut
895 2392 949 2428 fa-

215 2451 333 2487 cilius
366 2451 406 2486 in
441 2451 611 2487 Africam
645 2450 773 2486 aditus
803 2456 948 2498 pateat,

221 2510 305 2556 3533
324 2522 392 2558 pro
411 2510 611 2546 educendo
629 2522 650 2546 e
665 2521 820 2546 carcere
834 2511 949 2557 Joan-

220 2580 270 2604 ne
289 2568 494 2604 Dominico
508 2569 712 2614 Mercurio,
729 2569 949 2604 mamertini

217 2626 424 2663 cardinalis
448 2627 580 2669 fratre,
605 2638 811 2674 proregem
838 2627 949 2673 Vega

212 2684 463 2732 depreeatur,
492 2685 576 2732 3593
605 2685 850 2721 incommoda
875 2685 949 2721 uti-

217 2749 279 2779 tur
309 2745 548 2790 valetudine,
580 2744 664 2792 371,
700 2744 784 2789 3723
816 2745 968 2781 statio--

215 2814 306 2838 nem
330 2803 538 2839 Societatis
560 2805 806 2839 Interamnae
830 2804 949 2840 collo-

208 2862 376 2898 candam
394 2874 471 2898 non
489 2868 612 2910 putat,
639 2862 722 2908 388;
748 2863 947 2899 collatera-

216 2923 274 2957 les
290 2921 438 2957 dandos
456 2933 544 2957 esse
563 2922 774 2971 Hispaniae
794 2922 947 2968 provin-

212 2980 383 3016 cialibus
397 2980 530 3026 edicit,
545 2990 629 3026 4203
647 2980 946 3022 Ascanium-Co·

219 3040 350 3084 Iouna,
370 3039 410 3075 in
427 3051 515 3076 arce
529 3040 793 3076 Castelnuovo
812 3039 947 3077 deten-

1076 336 1174 374 tum,
1192 330 1307 367 valde
1325 331 1588 380 commendat,
1606 331 1691 378 4313
1709 344 1808 380 gau-

1075 389 1143 425 det
1174 389 1224 425 de
1257 389 1373 426 felice
1408 390 1602 436 muneris,
1638 392 1807 439 Borgiae

1076 447 1262 495 impositi,
1289 448 1486 494 gestione,
1516 458 1600 495 4423
1626 449 1807 487 sodalita-

1075 511 1155 542 tem
1173 506 1248 542 Sti.
1267 506 1460 553 Sepulcri,
1482 519 1504 543 a
1528 508 1646 544 Petro
1669 508 1719 544 de
1735 509 1809 545 Za-

1075 570 1159 602 rate
1191 565 1430 609 institutam,
1465 567 1580 603 valde
1613 579 1807 605 commen·

1074 623 1155 671 dat,
1175 631 1261 671 457,
1285 624 1368 669 4583
1393 625 1604 660 Barbaram
1628 626 1806 663 Pezzana

1074 682 1188 719 factis
1205 683 1334 730 potius
1348 695 1463 731 quam
1487 684 1620 720 verbis
1644 686 1807 732 solatur,

1074 749 1158 788 475;
1178 741 1334 778 Siciliae
1358 754 1563 789 proregem
1582 750 1679 787 orat,
1699 750 1742 781 ut
1767 745 1809 782 in

1075 801 1310 837 beneficium
1339 801 1444 838 sedis
1477 792 1727 849 apostolicae*
1743 815 1808 851 pa-

1075 860 1194 896 tiatur
1207 859 1247 896 in
1260 860 1412 897 Italiam
1430 861 1670 899 frumentum
1685 874 1735 898 ex
1749 862 1808 900 Si-

1074 919 1164 955 cilia
1187 920 1395 967 exportari‚
1421 920 1504 966 5673
1529 932 1552 956 a
1569 922 1753 958 Marcello
1770 923 1809 960 11

1071 978 1232 1025 jubetur
1249 979 1338 1026 ipsi,
1356 991 1455 1027 quae
1472 980 1521 1015 ad
1545 980 1620 1016 Dei
1642 980 1807 1026 gloriam

1075 1038 1273 1085 pertinere
1291 1038 1512 1086 videantur,
1530 1039 1654 1075 libere
1671 1051 1808 1088 propo-

1076 1109 1184 1144 nere,
1204 1106 1286 1144 594;
1312 1098 1511 1134 Francisei
1530 1099 1701 1145 Borgiae
1719 1111 1808 1146 pru—

1074 1156 1232 1197 dentiae
1275 1158 1440 1193 multum
1487 1157 1664 1204 Ignatius
1705 1158 1805 1202 fidit,

1075 1216 1158 1261 6203
1194 1216 1365 1263 prudens
1399 1216 1607 1252 consilium
1647 1217 1807 1253 adhibet

1075 1279 1210 1311 contra
1238 1275 1453 1322 parisiense
1478 1276 1696 1319 decretum,
1720 1276 1804 1322 645;

1074 1333 1252 1370 lusitanis
1281 1345 1392 1370 suam
1416 1334 1541 1381 aperit
1566 1340 1739 1371 mentem
1756 1335 1806 1371 de

1072 1390 1322 1438 suscipiendo
1338 1403 1361 1426 a
1380 1391 1578 1427 Societate
1597 1403 1732 1428 sacrae
1750 1391 1806 1428 in-

1071 1450 1293 1497 quisitionis
1327 1451 1469 1498 officio,
1506 1451 1679 1497 645-6503
1715 1453 1807 1488 Fra-

1071 1513 1170 1544 trem
1189 1508 1388 1555 Medrano,
1414 1508 1464 1546 O.
1491 1509 1533 1544 S.
1553 1510 1806 1555 Bened.,‚vo-

1071 1568 1219 1604 lentem
1236 1567 1284 1603 ad
1302 1567 1540 1604 Societatem
1560 1569 1740 1615 transire,
1761 1569 1804 1605 il-

1071 1625 1152 1662 ludi
1181 1638 1203 1661 a
1230 1625 1422 1662 daemone
1446 1627 1659 1672 existimat3
1693 1627 1804 1664 illum

1070 1684 1119 1720 ad
1136 1696 1250 1720 suum
1267 1685 1442 1721 ordinem
1460 1685 1588 1721 redire
1612 1686 1803 1732 hortatur,

1068 1743 1154 1789 677,
1171 1743 1256 1789 678;
1276 1743 1452 1781 Oliverio
1473 1745 1669 1792 Manareo,
1686 1744 1802 1781 fixius

1070 1803 1111 1839 in
1128 1803 1237 1839 illum
1254 1805 1387 1839 oculos
1406 1804 1649 1851 conjicienti,
1672 1805 1803 1852 poeni-

1069 1862 1232 1898 tentiam
1266 1862 1449 1909 injungit,
1483 1862 1568 1909 736,
1613 1862 1697 1909 7373
1734 1876 1803 1911 pro

1069 1921 1276 1956 Francisco
1299 1921 1493 1968 Mudarra,
1517 1933 1658 1968 magno
1676 1934 1802 1970 quon-

1069 1978 1158 2014 dam
1176 1979 1280 2015 illius
1300 1979 1538 2026 adversario,
1557 1981 1803 2017 commenda-

1070 2037 1176 2074 titias
1217 2038 1367 2074 litteras
1402 2041 1588 2085 postulat,
1629 2039 1801 2087 737-739;

1070 2109 1109 2133 v.
1140 2106 1200 2143 41,
1227 2107 1286 2143 49,
1315 2097 1374 2142 86,
1394 2098 1455 2144 96,
1491 2106 1571 2143 122,
1603 2107 1683 2145 129,
1720 2108 1800 2144 152,

1073 2156 1154 2203 186,
1184 2155 1264 2202 193,
1284 2164 1369 2200 205,
1388 2165 1473 2202 412,
1499 2156 1585 2204 423,
1612 2165 1696 2203 452,
1714 2157 1801 2206 453,

1069 2215 1153 2260 462,
1173 2224 1258 2262 5ο4,
1277 2224 1362 2260 595,
1389 2215 1473 2260 516,
1502 2223 1587 2262 519,
1606 2215 1690 2261 533,
1716 2217 1800 2262 548,

1040 2274 1043 2277 ’
1069 2282 1154 2321 549,
1179 2272 1266 2321 635,
1291 2273 1376 2319 636,
1400 2274 1575 2320 679681,
1602 2275 1688 2322 692,
1713 2274 1801 2323 739,

1068 2333 1153 2379 782²
1172 2333 1255 2375 822⁴·
1282 2332 1366 2380 837,
1391 2333 1475 2379 841,
1500 2334 1585 2380 846²
1604 2334 1688 2380 857²
1715 2334 1800 2381 867,

1070 2392 1154 2439 868,
1173 2393 1260 2439 870,
1284 2393 1367 2438 872;
1390 2393 1587 2439 ignatiana
1606 2394 1803 2430 Exercitia

1070 2452 1287 2499 spiritualia
1305 2458 1579 2500 oppugnantur
1602 2465 1647 2489 ac
1670 2453 1804 2490 defeu-

1068 2511 1227 2559 duntur,
1257 2511 1318 2558 43,
1349 2522 1408 2557 443
1441 2512 1629 2558 ignatiani
1655 2513 1803 2549 alumni

1067 2570 1174 2606 varie
1192 2582 1215 2606 a
1232 2571 1350 2606 variis
1368 2572 1626 2618 appellantur,
1646 2571 1729 2607 831.

1021 2630 1211 2677 Ignatius,
1231 2642 1327 2677 puer
1345 2630 1599 2674 mauritanus,
1624 2630 1802 2668 arabicae

1067 2688 1224 2735 linguae
1243 2688 1408 2735 peritus,
1428 2697 1509 2734 257.

1019 2747 1218 2794 Igualada,
1239 2759 1345 2794 opp.,
1364 2760 1402 2783 v.
1423 2747 1605 2793 Ergavia.

1019 2807 1147 2843 Ilerda
1162 2806 1348 2852 (Lerida),
1367 2818 1474 2854 opp.,
1494 2815 1576 2852 525.

1018 2865 1194 2910 Illescas,
1214 2876 1320 2912 opp.,
1336 2865 1420 2909 556.

1018 2923 1142 2965 India,
1161 2922 1284 2969 regio,
1308 2923 1364 2965 16,
1385 2932 1446 2969 29,
1463 2921 1525 2969 39,
1539 2931 1600 2968 41,
1620 2931 1701 2968 102,
1720 2931 1803 2970 109,

1070 2991 1255 3029 142‚147‚
1284 2991 1366 3028 149,
1396 2990 1478 3028 171,
1506 2981 1589 3029 173,
1607 2981 1700 3028 336,
1719 2981 1806 3029 397,

1066 3050 1151 3087 412,
1178 3041 1263 3088 423,
1283 3041 1367 3087 556,
1391 3048 1478 3086 705,
1505 3048 1591 3087 707,
1617 3040 1701 3087 833,
1719 3040 1809 3087 836,
