2060 3432
874 281 921 308 20
947 273 1059 319 Jtmn
1087 280 1176 318 1555
1727 275 1798 323 697

213 388 347 418 curar
367 374 410 418 la
431 373 561 417 salud
582 374 656 419 del
677 375 825 420 Padre
847 389 932 418 con
955 374 1062 418 todo
1081 374 1123 419 el
1144 382 1277 432 gasto
1303 390 1334 432 y
1354 375 1592 433 diligentia
1612 377 1786 433 posible
1812 380 1842 422 ¹.

302 451 356 494 El
379 452 525 495 Padre
546 466 576 508 y
598 451 728 495 todos
749 451 817 496 los
838 452 968 496 desta
988 465 1092 495 casa
1113 451 1426 496 humillmente
1443 452 1647 509 pedimos
1668 469 1742 499 ser
1762 469 1844 499 en-

213 527 517 571 comendados
555 542 613 572 en
647 528 716 572 los
754 528 999 585 sacrificios
1031 543 1062 585 y
1094 528 1330 585 oraciones
1368 530 1425 574 de
1454 531 1512 574 V.
1540 532 1592 574 P.
1630 546 1660 588 y
1688 532 1746 576 de
1773 539 1846 575 to-

213 605 296 648 dos
328 610 538 649 nuestros
569 604 857 649 charissimos
888 595 1059 650 Padres
1089 620 1119 661 y
1145 607 1386 649 hermanos
1413 606 1470 650 de
1501 607 1545 650 la
1572 608 1839 664 Compafiia.

208 683 320 739 Jesu
342 682 428 725 Χ.0
458 688 645 725 nuestro
672 688 807 726 sefior
827 697 905 727 sea
932 697 988 727 en
1017 689 1225 726 nuestras
1253 684 1408 727 almas.
1441 684 1606 727 Arnen.
1638 686 1708 728 De
1730 686 1842 730 Sant

212 758 361 802 Lucar
376 774 405 815 y
423 759 479 803 de
491 759 629 817 Junio
651 771 701 814 17
718 761 776 804 de
798 769 906 815 1555
926 766 1053 803 anos.
1076 761 1166 803 Por
1186 759 1428 804 comissic'm
1449 761 1523 806 del
1540 762 1594 804 P.
1621 761 1841 820 M.⁰Juan

214 835 370 878 Paulo.
398 837 467 878 De
490 837 546 879 V.
575 838 627 879 P.
654 835 783 879 invtil
805 836 956 880 sieruo
976 851 1034 881 en
1055 835 1158 890 X.⁰‚

1313 913 1343 972 †
1368 916 1511 972 JUAN.
1548 914 1578 972 †

297 990 557 1044 Inscriptio:
578 991 666 1033 Ihs.
694 990 754 1033 Al
774 989 867 1033 mui
886 990 1000 1033 Rdo.
1028 991 1175 1035 Padre
1195 1006 1253 1035 en
1268 990 1453 1049 Jesux.⁰
1478 997 1664 1035 nuestro
1686 997 1836 1044 senor,

208 1065 251 1109 el
273 1066 326 1108 P.
358 1064 448 1109 M.⁰
470 1066 668 1122 Ignacio,
702 1065 930 1122 preposito
959 1068 1146 1124 general
1170 1067 1228 1112 de
1249 1068 1292 1111 la
1319 1068 1570 1124 Compafiia
1603 1068 1660 1113 de
1682 1069 1836 1126 Jesus.

209 1143 366 1186 Roma.
392 1142 500 1186 Alia
521 1157 679 1185 manu:
701 1144 801 1187 R.ta
822 1142 853 1185 11
875 1144 903 1187 6
924 1142 970 1186 di
993 1144 1269 1189 Nouembre.

959 1371 1083 1411 976

671 1462 946 1499 ADRIANUS
973 1460 1374 1497 ADRIAENSSENS

564 1546 751 1589 PATRI
798 1546 1060 1589 IGNATIO
1098 1546 1181 1588 DE
1219 1545 1479 1588 LOYOLA

755 1647 941 1676 ιονΑΝιο
960 1648 1006 1674 20
1022 1648 1130 1682 JUNH
1150 1646 1239 1683 1555
1257 1640 1286 1673 ².

258 1720 413 1756 Sinistri
430 1720 618 1757 adversus
637 1721 875 1758 Societatem
892 1733 1083 1768 rumores,
1101 1733 1124 1756 a
1141 1720 1307 1769 quodam
1323 1721 1499 1767 generali
1517 1722 1784 1759 commissario

758 1780 1091 1817 franciscanorum
1108 1780 1284 1817 excitati.

1008 1858 1030 1893 †

968 1896 1066 1953 Jhs.

293 1988 452 2033 Gratia
472 1995 518 2033 et
539 2004 628 2045 pax
649 1988 728 2033 X.i
753 1989 1008 2033 nobiscum.
1034 1989 1146 2033 Rde.
1174 1988 1219 2032 in
1242 1990 1328 2033 X.⁰
1347 1991 1497 2033 Pater.
1519 1989 1704 2033 Abhinc
1721 2004 1831 2046 pau-

206 2065 272 2108 cis
292 2065 451 2109 diebus
479 2066 637 2123 scripsi
665 2068 720 2110 R.
752 2067 810 2111 V.
842 2068 857 2088 ³
888 2067 1114 2123 quomodo
1145 2065 1370 2123 generalis
1397 2066 1734 2110 commissarius
1762 2081 1834 2110 or-

206 2141 323 2185 dinis
351 2143 539 2186 fratrum
566 2143 806 2197 minorum,
831 2143 1102 2187 Franciscus
1132 2143 1197 2200 (vt
1224 2142 1398 2200 opinor)
1427 2142 1626 2197 nomine,
1651 2143 1838 2188 natione

207 2218 425 2275 hispanus
445 2220 518 2264 vel
546 2219 698 2274 italus,
730 2219 807 2276 qui
837 2221 925 2264 hoc
957 2227 1162 2277 tempore
1191 2219 1400 2276 fungitur
1427 2219 1525 2263 istis
1555 2218 1601 2262 in
1633 2219 1838 2276 partibus

208 2296 349 2347 offitio
370 2296 594 2353 generalis
616 2296 755 2340 totius
776 2297 946 2341 ordinis
982 2296 1188 2354 predicti,
1212 2296 1287 2340 hic
1313 2296 1496 2353 inquam
1524 2297 1666 2340 Rdus.
1701 2298 1838 2340 Pater

206 2372 539 2417 commissarius
560 2373 727 2429 passim
755 2373 964 2430 prohibet
985 2373 1284 2427 monasteriis,
1309 2373 1429 2417 dicto
1451 2372 1597 2416 ordini
1625 2371 1834 2425 subditis,

206 2463 265 2493 ne
281 2449 491 2504 cuiquam
508 2450 566 2494 de
581 2449 808 2495 Societate
823 2457 976 2494 nostra
988 2450 1247 2506 loquantur,
1265 2449 1355 2494 imo
1371 2464 1429 2493 ne
1442 2450 1641 2493 salutent
1655 2448 1836 2505 quidem

206 2540 284 2569 ore
307 2533 439 2569 tenus
475 2540 558 2570 seu
593 2540 760 2569 coram.
786 2527 904 2570 Cum
919 2541 1030 2571 vero
1062 2527 1232 2570 nullam
1264 2541 1449 2583 prorsus
1472 2525 1757 2570 occasionem
1791 2532 1836 2569 et

205 2617 389 2646 causam
410 2617 467 2646 ex
487 2610 614 2659 parte
635 2609 792 2647 nostra
812 2604 993 2657 habeat,
1025 2603 1198 2660 spargit
1224 2604 1420 2659 quedam
1442 2618 1468 2646 a
1491 2604 1544 2646 P.
1570 2603 1648 2655 V.,
1680 2608 1726 2646 et
1748 2602 1835 2646 So-

204 2680 369 2724 cietate
390 2682 533 2724 Rome
554 2687 737 2737 agente,
762 2682 904 2724 Rome
925 2680 972 2723 in
1002 2695 1085 2724 sua
1113 2680 1342 2737 presentia
1369 2695 1469 2725 esse
1501 2686 1616 2732 acta,
1653 2685 1835 2735 propter

205 2771 294 2812 que
315 2756 626 2801 huiuscemodi
648 2756 975 2814 prohibitiones
1004 2757 1155 2810 faciat,
1179 2763 1226 2802 et
1256 2757 1366 2801 dicit
1392 2763 1573 2800 nostros
1596 2757 1737 2799 Rome
1759 2769 1831 2798 so-

278 2902 289 2922 ¹
340 2899 536 2936 Comitum
552 2910 722 2935 amorem
739 2911 784 2935 ac
801 2898 1118 2944 sollicitudinem,
1137 2898 1344 2946 praecipue
1362 2897 1598 2944 comitissae,
1617 2895 1748 2933 laudat
1762 2896 1837 2932 Po-

206 2960 330 3006 lanco,
349 2964 381 2994 t.
405 2967 445 3003 v,
464 2970 553 3006 pag.
574 2967 657 3005 500,
676 2971 715 2995 n.
738 2958 828 2994 1362
846 2963 886 2994 et
903 2969 991 3006 pag.
1012 2957 1096 3005 503,
1114 2970 1154 2994 n.
1175 2956 1283 3004 1369.

275 3021 289 3041 2
339 3019 397 3054 Ex
415 3018 654 3065 autographo
671 3017 712 3054 in
729 3019 807 3054 vol.
827 3019 871 3063 F,
891 3018 1005 3054 unico
1022 3017 1129 3062 folin,
1148 3029 1192 3054 n.
1214 3017 1275 3064 63,
1294 3017 1400 3065 prius
1418 3015 1505 3062 344.

340 3077 441 3113 Vide
459 3076 578 3125 epist.
601 3077 684 3124 964.
