2060 3450
273 218 313 255 51
325 220 347 244 o
773 211 1014 245 EP1STOLAE
1041 209 1327 254 MJXTAE—922

321 312 446 354 Hora
463 311 488 354 e
506 312 716 354 caschato
733 310 779 354 in
798 311 922 354 febre
941 309 1091 354 Biasio
1109 309 1377 366 Augubino.
1400 310 1547 353 Lucas
1564 324 1622 353 ua
1640 324 1720 366 per
1738 324 1858 359 casa,

226 388 407 432 benche
429 388 619 431 fiaccho.

320 463 447 507 Tutti
470 465 654 509 uenerdi
672 479 761 520 qua
782 471 828 508 et
845 465 1068 507 sabbatho
1085 461 1213 518 quasi
1230 462 1475 520 mengiano
1494 463 1663 507 matina
1681 470 1725 507 et
1743 478 1859 517 sera,

228 555 260 584 o
282 541 459 584 almeno
481 555 572 584 una
596 542 732 594 uolta,
758 541 950 585 sardelle
972 541 1128 593 salate;
1151 546 1195 584 et
1219 540 1394 583 benche
1411 541 1501 582 dua
1518 541 1764 585 solamente
1779 555 1861 597 per

231 620 399 662 huomo
421 633 470 662 se
492 617 644 671 diano,
670 618 829 661 dubito
852 618 958 673 pero
986 631 1079 660 non
1109 616 1249 660 faccia
1281 617 1432 660 danno
1453 631 1479 660 a
1510 616 1651 660 nostri
1679 617 1855 660 fratelli.

238 695 273 738 F
277 700 370 739 atte
385 695 514 747 altro,
529 694 625 737 dira
643 696 700 738 V.
724 697 774 738 Ρ.
797 693 1053 738 Voluntieri
1069 694 1113 736 lo
1131 692 1378 746 faressimo,
1394 708 1468 736 ma
1483 708 1569 737 non
1588 695 1641 736 ce
1663 693 1694 736 il
1710 694 1858 737 modo.

239 773 304 815 La
324 778 579 824 strettezza,
599 786 678 827 per
698 771 795 814 dire
816 772 859 814 la
879 770 1042 824 uerita,
1061 771 1086 814 e
1105 777 1264 827 troppo
1280 771 1468 827 grande.
1490 771 1707 814 Anchora
1723 770 1864 814 siamo

225 849 289 892 da
313 861 369 892 20
391 863 528 893 senza
549 847 782 905 pagliarizi
804 855 849 893 et
872 847 1086 905 capezali,
1112 855 1158 891 et
1179 847 1210 890 li
1232 847 1330 892 letti
1351 848 1460 904 pero
1488 862 1579 891 non
1607 849 1759 891 hanno
1779 849 1864 892 che

239 938 287 980 15
310 925 424 968 libre
446 925 490 968 di
512 926 615 969 lana
636 932 681 968 et
704 932 1029 970 scarzamente.
1051 926 1251 969 Portano
1268 924 1415 968 alcuni
1440 932 1618 969 sottane
1639 925 1696 968 de
1717 925 1862 978 stade,

226 1009 279 1046 et
300 1002 422 1045 calze
439 1002 485 1044 di
502 1003 606 1054 tela,
627 1009 672 1046 et
690 1017 781 1045 non
797 1001 1016 1059 pottiamo
1033 1002 1163 1045 altro:
1182 1002 1225 1047 le
1241 1016 1470 1058 promesse
1487 1016 1578 1044 non
1595 1004 1862 1054 manchano‚

233 1094 307 1122 ma
329 1080 578 1123 solamente
600 1079 631 1121 li
654 1078 769 1122 fatti.
796 1078 846 1123 Si
873 1078 1139 1136 monsignor
1164 1080 1174 1100 ¹
1201 1079 1322 1122 fosse
1350 1093 1455 1134 qua,
1480 1079 1647 1135 meglio
1676 1079 1865 1124 sarebbe

233 1156 390 1209 molto;
415 1170 499 1199 suo
522 1156 697 1200 fratello
713 1170 805 1199 non
826 1157 852 1200 e
873 1171 954 1212 per
971 1170 1225 1213 gouernare
1242 1155 1458 1212 religiosi,
1479 1156 1559 1199 sed
1575 1155 1795 1212 patienza.
1815 1156 1864 1200 Si

235 1232 415 1276 hauessi
445 1233 602 1276 uoluto
630 1233 902 1286 consentire,
934 1232 1307 1290 mengiaressimo
1344 1247 1498 1290 spesse
1534 1234 1658 1276 uolte
1691 1233 1863 1277 buffalo

238 1309 329 1366 (gia
343 1325 402 1354 ne
416 1309 738 1366 mengiassimo
756 1325 817 1353 un
835 1310 996 1367 giorno
1014 1309 1120 1353 tutti
1136 1311 1227 1353 dua
1243 1310 1390 1367 pasti),
1412 1317 1457 1352 et
1475 1309 1552 1366 piu
1569 1311 1692 1354 uolte
1709 1324 1861 1366 porco.

237 1386 299 1430 Mi
332 1387 376 1430 fa
413 1388 528 1431 male
561 1387 607 1430 di
639 1387 838 1432 scriuere
870 1395 1052 1443 questo,
1087 1402 1161 1431 ma
1196 1387 1450 1431 conuienne
1477 1389 1584 1431 dare
1617 1387 1743 1431 auiso
1779 1387 1866 1430 alla

235 1465 289 1507 R.
318 1466 369 1507 P.
397 1465 454 1508 V.
479 1464 553 1508 del
581 1471 716 1517 tutto,
743 1464 954 1509 massime
982 1466 1100 1508 doue
1128 1480 1278 1509 essere
1306 1466 1396 1521 puo
1425 1466 1467 1509 la
1496 1480 1634 1508 causa
1655 1465 1699 1507 d’
1724 1463 1867 1508 infer·

234 1540 359 1595 mita3
381 1556 486 1597 pare
507 1543 615 1597 pero
632 1542 698 1585 sia
714 1542 867 1585 buono
885 1548 1111 1598 aspettare
1127 1541 1261 1584 insin'
1282 1557 1308 1586 a
1326 1548 1452 1585 tanto
1470 1543 1655 1598 uengha
1672 1543 1734 1585 M.
1755 1542 1791 1584 F
1794 1541 1867 1584 ul-

235 1617 312 1660 uio
334 1618 368 1671 ²,
392 1617 424 1660 il
446 1619 578 1673 quale
608 1619 746 1662 molto
775 1618 1149 1675 potraagiutarci
1177 1618 1222 1661 in
1251 1626 1412 1674 questa
1440 1618 1643 1671 materia,
1670 1632 1798 1662 come
1821 1617 1868 1660 in

234 1695 364 1737 altra.

324 1771 427 1814 Alle
448 1771 607 1814 lettere
629 1771 675 1814 di
697 1772 753 1815 V.
781 1773 835 1814 R.
862 1773 914 1815 P.
941 1772 1215 1827 respondero
1233 1785 1312 1827 per
1333 1771 1376 1815 le
1392 1770 1536 1827 prime
1558 1784 1644 1813 con
1660 1771 1703 1814 la
1721 1770 1869 1827 gratia

232 1848 308 1890 del
330 1847 538 1904 Signore‚
568 1849 733 1904 perche
755 1862 846 1891 non
867 1850 927 1891 ho
947 1850 1087 1891 hauto
1110 1855 1260 1904 tempo
1282 1849 1478 1891 anchora
1497 1847 1541 1890 di
1564 1849 1654 1891 ben
1676 1847 1866 1891 essami-

233 1925 373 1969 narle.
397 1926 501 1969 Non
521 1926 731 1969 hauendo
754 1926 868 1968 altro
890 1940 970 1982 per
997 1926 1173 1977 adesso,
1200 1924 1360 1982 priego
1384 1931 1540 1968 nostro
1572 1924 1767 1981 Signore
1789 1924 1862 1967 dia

231 2015 316 2044 sua
331 2001 586 2045 santissima
602 2002 750 2058 gratia
768 2003 854 2046 alla
871 2004 925 2046 R.
947 2004 1001 2045 Ρ.
1023 2003 1079 2046 V.
1101 2001 1160 2045 Di
1178 2003 1345 2046 Loreto
1362 2002 1435 2045 adi
1454 2012 1479 2055 7
1498 2001 1542 2044 di
1554 2000 1715 2059 Janaio
1733 2011 1859 2057 1555

232 2078 291 2121 Di
314 2080 371 2122 V.
398 2080 452 2122 R.
481 2081 533 2122 Ρ
560 2078 919 2136 indegnissimo
907 2094 954 2122 1n
974 2078 1060 2123 Χ.0
1083 2078 1321 2131 seruitore,

1090 2157 1335 2200 OLIUERIO
1368 2158 1625 2200 MANAREO.

322 2233 581 2288 Inscriptio:
604 2232 631 2291 †
655 2233 715 2276 Al
742 2235 880 2276 molto
909 2234 1026 2277 Rdo.
1058 2233 1104 2276 in
1133 2234 1218 2276 Χ.Ο
1243 2234 1406 2286 Padre,
1431 2232 1463 2275 il
1493 2235 1545 2276 P.
1574 2231 1865 2289 M.⁰1gnati0

225 2310 289 2352 de
311 2310 376 2352 Lo
378 2310 495 2365 yola‚
522 2309 748 2366 preposito
766 2311 979 2366 generale
996 2310 1113 2354 della
1131 2309 1414 2366 Compagnia
1430 2309 1475 2352 di
1487 2311 1615 2367 jesu,
1636 2309 1683 2352 in
1700 2311 1858 2353 Roma.

322 2387 429 2429 Alia
451 2402 609 2429 manu:
631 2388 737 2430 R.ta
761 2386 834 2430 alli
864 2399 913 2442 13
936 2387 1009 2430 del
1033 2387 1297 2431 medesimo.

305 2549 315 2569 ¹
366 2547 516 2594 Gaspar
533 2547 582 2582 de
601 2546 752 2591 Doctis,
768 2547 925 2582 Laureti
939 2548 1193 2593 gubernator.
1215 2546 1317 2582 Huic
1334 2546 1491 2594 quidem
1505 2552 1640 2593 gratus
1654 2547 1781 2583 fuerat
1793 2559 1861 2583 no-

230 2610 396 2641 strorum
427 2606 633 2650 adventus,
660 2606 727 2653 qui
757 2605 867 2641 initio
897 2606 1011 2642 valde
1035 2605 1246 2642 lauretanis
1270 2605 1482 2653 canonicis,
1506 2606 1639 2654 paucis
1667 2607 1858 2654 exceptis,

223 2664 481 2712 displicuerat
491 2692 499 2701 .

298 2727 312 2746 2
363 2725 524 2761 Fulvius
541 2724 768 2770 Androtius,
784 2722 842 2760 vir
855 2724 1107 2767 clarissimus,
1123 2724 1333 2760 canonicus
1346 2726 1583 2771 lauretanus,
1599 2726 1630 2761 Ι.
1647 2726 1693 2761 V.
1711 2726 1859 2771 doctor,

219 2783 274 2818 de
293 2795 369 2831 quo
385 2785 504 2838 multa
523 2784 624 2831 apud
643 2785 888 2821 MANAREUM
907 2789 947 2819 et
965 2785 1184 2831 PonANco,
1203 2789 1232 2820 t.
1252 2793 1277 2819 v
1297 2789 1336 2819 et
1353 2793 1407 2819 vx.
1432 2832 1435 2835 ,
