2060 3450
819 257 866 293 24
893 246 1066 284 Apnms
1094 254 1185 292 1555
1699 244 1766 281 601

179 356 346 404 questo
362 348 580 406 principio
596 349 840 393 reformare
857 347 1006 406 questi
1022 347 1219 401 vfficiali,
1239 354 1285 392 et
1306 347 1446 392 leuar'
1468 347 1557 391 tale
1578 346 1818 390 occasione

181 425 243 470 de
263 425 478 479 scandali,
502 426 631 470 adcio
652 425 717 469 sia
739 433 897 469 tenuta
911 426 954 469 la
970 425 1078 470 sede
1094 424 1342 481 apostolica
1357 423 1404 467 di
1421 423 1571 479 quella
1587 423 1814 467 authorita

178 509 229 547 et
251 502 626 559 incorruptibilita
642 505 726 546 che
742 502 779 546 si
796 504 928 555 deue,
948 508 994 546 et
1010 501 1135 546 accio
1151 503 1298 545 ancho
1314 500 1448 544 simili
1465 499 1809 545 inconuenienti

182 593 275 622 non
296 579 334 622 si
356 579 491 623 odino
513 595 540 623 a
562 580 699 636 tempi
720 579 874 632 vostri,
899 579 956 623 ne
976 578 1267 636 perseuerino
1284 578 1386 622 nela
1402 577 1633 633 posterita.
1654 578 1712 620 Et
1727 591 1808 634 per

182 663 343 711 questo
366 657 460 701 fare
481 657 559 713 piu
587 657 1049 701 conformeuolmente
1075 656 1145 700 ala
1170 655 1274 712 lege
1305 655 1363 699 de
1390 653 1495 707 Dio,
1527 668 1620 697 non
1647 656 1809 710 puotra

180 748 273 777 non
292 740 621 778 sommamente
651 733 839 790 giouare
865 732 897 775 11
924 731 1146 789 consiglio
1167 733 1252 778 che
1279 732 1411 775 diede
1425 732 1585 789 Jethro
1607 745 1635 774 a
1661 731 1805 785 Mose,

176 824 263 854 suo
284 824 470 867 genero,
490 811 671 866 quando
687 810 719 852 11
734 810 870 854 disse.
891 811 1001 853 Esto
1018 816 1069 853 tu
1085 809 1251 866 populo
1267 808 1315 851 in
1335 808 1422 862 his,
1442 822 1559 864 quae
1580 807 1638 850 ad
1658 809 1807 851 Deum

178 886 422 943 pertinent,
446 894 498 930 ut
519 887 687 931 referas
709 901 826 943 quae
842 886 1056 930 dicuntur
1077 886 1135 930 ad
1156 900 1277 938 eum,
1309 886 1613 940 ostendasque
1638 885 1807 941 populo

174 963 483 1008 caeremonias
505 970 551 1006 et
573 963 708 1006 ritum
730 963 924 1016 colendi,
950 962 1160 1018 viamque
1175 977 1255 1018 per
1270 976 1406 1018 quam
1422 961 1602 1018 ingredi
1618 962 1804 1013 debent,

173 1047 223 1083 et
246 1054 378 1096 opus,
404 1041 525 1096 quod
544 1040 692 1084 facere
708 1040 919 1084 debeant.
941 1038 1138 1083 Prouide
1154 1045 1307 1083 autem
1323 1040 1381 1082 de
1397 1038 1521 1082 omni
1536 1039 1668 1095 plebe
1683 1038 1805 1081 viros

177 1116 415 1173 potenteis,
441 1123 487 1160 et
509 1116 720 1161 timentes
739 1118 906 1170 Deum,
930 1116 978 1159 in
999 1115 1164 1172 quibus
1185 1115 1244 1159 sit
1265 1115 1447 1168 veritas,
1466 1122 1513 1159 et
1534 1114 1612 1171 qui
1627 1114 1806 1158 oderint

173 1193 428 1246 auaritiam,
453 1200 500 1237 et
521 1193 750 1238 constitue
772 1208 828 1237 ex
850 1193 915 1238 eis
937 1193 1167 1245 tribunos,
1198 1199 1245 1236 et
1272 1192 1576 1244 centuriones,
1601 1198 1647 1235 et
1668 1191 1802 1247 quin—

173 1270 491 1327 quagenarios,
512 1278 557 1314 et
573 1271 786 1323 decanos,
805 1269 883 1326 qui
899 1269 1102 1314 iudicent
1117 1269 1352 1326 populum,
1371 1268 1610 1324 leuiusque
1625 1268 1684 1312 sit
1701 1268 1799 1321 tibi,

175 1347 341 1403 partito
362 1347 408 1389 in
431 1347 541 1390 alios
563 1362 712 1391 onere.
741 1347 791 1392 Si
811 1349 898 1391 hoc
921 1345 1099 1400 feceris,
1128 1345 1337 1403 implebis
1365 1345 1603 1402 imperium
1624 1344 1726 1398 Dei,
1757 1351 1804 1388 et

174 1431 416 1480 praecepta
437 1423 535 1467 eius
556 1424 724 1480 poteris
746 1430 1002 1468 sustentare
1028 1424 1057 1466 ¹.
1092 1423 1128 1466 Il
1154 1424 1361 1467 medemo
1388 1422 1610 1479 consiglio
1632 1422 1804 1466 seruira

180 1515 260 1557 per
276 1500 540 1546 constituite
556 1501 698 1544 buoni
715 1500 1005 1558 gouernatori
1021 1500 1123 1545 nele
1139 1499 1245 1553 cita,
1270 1507 1315 1543 et
1337 1499 1447 1556 ogni
1469 1500 1581 1542 altro
1598 1499 1804 1542 ministro

172 1583 222 1621 et
242 1577 449 1622 vfficiale.

261 1655 310 1697 IL
333 1667 527 1706 QUARTO
550 1668 760 1699 R100Rno
777 1655 818 1707 e,
844 1655 944 1709 che,
969 1668 1097 1698 come
1117 1652 1397 1710 pientissimo
1414 1653 1568 1710 padre,
1589 1653 1721 1709 quale
1741 1653 1801 1695 ha

169 1729 247 1774 doi
270 1730 447 1787 figlioli,
471 1738 517 1774 et
538 1731 602 1788 gli
624 1746 724 1774 ama
746 1738 1071 1784 teneramente,
1091 1731 1267 1775 benche
1282 1730 1315 1772 li
1330 1744 1482 1787 vegga
1494 1729 1541 1773 in
1557 1729 1796 1782 discordia,

170 1821 262 1850 non
284 1809 392 1864 pero
414 1807 453 1850 si
474 1807 708 1852 adherisca
728 1809 786 1851 ad
806 1822 913 1861 vno,
937 1808 1213 1864 sprezzando
1233 1807 1263 1850 l’
1289 1807 1419 1860 altro;
1449 1821 1522 1850 ma
1549 1806 1587 1850 si
1611 1821 1798 1863 puonga

168 1884 246 1928 nel
266 1898 394 1928 mezo
416 1884 506 1928 deli
527 1884 620 1939 doi,
645 1899 773 1928 come
794 1884 1151 1937 reconciliatore,
1177 1883 1480 1927 abbraciando
1503 1883 1608 1927 tutti
1630 1883 1704 1926 doi
1726 1882 1796 1926 in—

100 2004 104 2011 ,
169 1960 326 2013 sieme,
352 1975 480 2005 come
501 1961 680 2017 proprie
697 1961 836 2006 carni.
858 1961 1028 2005 Haueti
1045 1960 1193 2018 questi
1209 1960 1284 2004 doi
1300 1960 1491 2017 principi
1506 1960 1740 2004 christiani
1762 1961 1795 2014 ⁴¹,

168 2037 410 2094 conceputi
437 2052 523 2094 pur
549 2038 624 2082 nel
654 2045 815 2082 ventre
851 2038 953 2082 dela
988 2037 1142 2082 chiesa
1178 2044 1351 2090 sancta,
1383 2043 1536 2080 vostra
1572 2051 1728 2093 sposa,
1768 2036 1800 2078 11

171 2114 308 2169 quali,
339 2128 467 2157 come
494 2114 661 2168 vedeti,
691 2114 955 2159 inflammati
981 2115 1011 2157 l'
1044 2129 1134 2157 uno
1162 2121 1320 2158 contra
1346 2115 1376 2156 l'
1407 2114 1521 2157 altro
1543 2114 1618 2156 dal
1644 2112 1800 2170 spirito

168 2190 242 2233 del
264 2192 447 2243 mondo,
472 2206 552 2247 per
573 2206 664 2234 vno
685 2206 835 2248 puoco
862 2191 908 2235 di
936 2199 1071 2246 terra,
1101 2192 1378 2248 perturbano
1405 2191 1436 2233 l’
1461 2190 1693 2244 uniuerso,
1727 2189 1797 2233 in-

167 2266 307 2310 sieme
332 2267 482 2311 dando
509 2268 744 2325 alegrezza
772 2268 830 2312 ali
858 2268 1029 2312 infideli
1057 2275 1104 2311 et
1137 2267 1238 2311 altri
1274 2267 1519 2323 aduersarij
1557 2266 1603 2310 di
1640 2273 1797 2310 nostra

169 2343 286 2395 fede,
311 2342 342 2385 li
363 2343 483 2398 quali
505 2359 585 2400 per
607 2352 767 2400 queste
794 2345 890 2390 rixe
914 2359 1064 2388 uanno
1092 2343 1202 2401 ogni
1224 2344 1386 2401 giorno
1408 2344 1486 2400 piu
1508 2343 1795 2388 extendendo

167 2419 199 2462 11
219 2434 303 2463 suo
330 2420 528 2463 dominio
556 2429 601 2465 et
628 2436 841 2477 peruersa
867 2421 1072 2465 doctrina
1098 2421 1167 2465 ale
1195 2435 1326 2478 spese
1353 2428 1399 2464 et
1425 2422 1574 2464 danno
1603 2421 1675 2463 del
1707 2419 1792 2462 mi-

164 2510 268 2541 sero
290 2496 645 2553 christianesmo.
672 2499 729 2541 Et
750 2513 842 2541 non
862 2498 909 2541 ui
931 2499 957 2542 ὲ
978 2498 1051 2542 chi
1072 2498 1111 2542 si
1131 2513 1317 2555 puonga
1333 2499 1407 2541 nel
1423 2512 1551 2540 mezo
1568 2512 1647 2553 per
1663 2511 1793 2553 spar-

167 2573 291 2630 tirgli
311 2572 400 2616 dali
423 2574 531 2630 odij,
556 2582 602 2619 et
622 2575 807 2619 reunirli
827 2575 874 2618 in
895 2575 1083 2630 charita,
1102 2589 1151 2619 se
1172 2575 1246 2619 voi
1268 2590 1359 2619 non
1378 2575 1482 2619 setti
1502 2575 1669 2629 quello,
1689 2574 1791 2626 che,

166 2665 195 2693 a
214 2649 347 2706 guisa
368 2651 425 2693 de
445 2650 591 2695 Giesu
618 2651 822 2704 Christo,
855 2651 932 2707 qui
961 2652 1068 2696 fecit
1093 2659 1286 2708 vtraque
1306 2666 1446 2695 vnum
1471 2652 1503 2703 ⁵,
1529 2650 1576 2693 ui
1604 2649 1791 2706 poniati,

167 2741 297 2770 corne
332 2725 476 2782 pietra
512 2729 746 2784 angulare,
778 2743 857 2785 per
887 2728 1170 2786 coniungerli
1200 2729 1389 2772 insieme
1416 2729 1487 2771 col
1514 2728 1695 2783 legame
1723 2727 1798 2770 del

165 2817 335 2847 amore.
360 2803 409 2848 Si
431 2804 712 2860 destrugono
734 2805 765 2847 l’
789 2820 881 2849 uno
902 2806 932 2848 l’
958 2806 1088 2859 altro,
1112 2812 1159 2850 et
1185 2804 1549 2863 impoueriscono
1571 2803 1599 2867 li
1629 2802 1796 2860 proprij

238 2926 249 2947 ¹
300 2927 428 2962 Exod.
452 2937 565 2971 xvm,
584 2927 706 2974 19-23.

234 2988 249 3008 ²
299 2986 459 3022 Carolus
479 2987 527 3032 V,
548 2986 772 3034 imperator,
792 2994 832 3024 et
849 2988 1043 3024 Henricus
1061 2988 1113 3032 II,
1130 3000 1201 3024 rex
1218 2988 1387 3026 Galliae.

236 3046 252 3066 ³
302 3046 368 3081 AD
386 3046 493 3081 ΕΡΗ.
517 3056 558 3092 11,
582 3055 642 3091 14.
