2060 3450
771 299 816 326 xo
841 290 1071 326 annunn
1099 297 1188 336 1555
1674 294 1743 332 547

165 390 351 443 feruor’,
375 391 450 434 ch'
472 391 513 435 al
535 391 599 435 fin
621 391 754 435 casco
774 398 821 436 et
839 405 972 448 perse
991 405 1072 448 per
1091 390 1227 434 alcun
1258 396 1410 446 tempo
1430 389 1474 432 la
1502 388 1690 445 parolla,
1723 388 1791 432 fa-

151 467 310 511 vendo
332 467 394 510 tal
414 467 792 524 raggionamento
813 467 1078 512 dall’altare.
1103 468 1164 512 Al
1184 467 1249 510 fin
1269 465 1388 509 della
1418 464 1664 510 medesima
1694 465 1793 509 fece

152 541 196 585 >il
215 542 461 588 medesimo
484 545 631 588 Padre
653 537 744 588 una
759 543 940 601 predica
954 558 1042 588 con
1059 550 1185 587 tanta
1201 541 1470 599 frequentia,
1491 541 1793 587 commotione

163 626 211 663 et
230 619 446 665 lachrime
465 621 539 664 del
559 622 742 678 populo,
767 623 836 664 ch’
858 623 918 665 ha
938 627 1068 678 posta
1088 620 1136 664 in
1157 618 1453 664 admiratione
1472 619 1516 662 la
1537 618 1644 672 cita,
1663 625 1710 663 et
1725 619 1792 663 al—

150 695 270 740 -cuni
291 697 349 741 de
370 697 432 754 gl'
463 697 629 741 uditori
656 706 891 743 restorono
917 697 1035 741 fuori
1055 697 1102 741 di
1122 712 1172 742 se
1193 695 1470 740 stramortiti.
1498 695 1656 753 Hoggi
1672 695 1792 740 nella

164 772 316 817 chiesa
336 780 493 817 nostra
513 776 666 818 hanno
686 774 1019 818 communicato
1041 781 1159 819 sette
1178 779 1315 818 cento
1335 778 1382 817 et
1402 771 1518 815 uinti
1539 787 1567 816 o
1586 772 1666 829 piu
1687 787 1791 830 per—

150 864 288 903 sone,
312 857 359 895 et
380 850 418 894 si
435 865 548 895 sono
563 851 806 897 confessati
823 858 984 908 questa
999 850 1240 896 settimana
1256 849 1364 894 dalli
1378 849 1520 894 nostri
1536 850 1677 893 molto
1693 849 1787 907 piu.
1854 860 1858 867 ·

148 926 242 972 Sia
260 927 336 972 del
358 934 477 971 tutto
497 927 765 985 ringratiato
786 928 817 971 il
838 928 1022 985 Signor.

252 1004 380 1048 Tutti
401 1019 480 1061 per
501 1004 649 1061 gratia
670 1005 742 1049 del
763 1004 932 1062 Signor
951 1012 1097 1049 stamo
1116 1005 1246 1048 bene.
1264 1005 1318 1048 L'
1342 1002 1536 1048 scholari
1552 1017 1664 1047 sono
1687 999 1791 1059 253.¹

165 1077 474 1134 ESsercitanti,
500 1081 591 1137 doj.

252 1158 540 1201 All’orationi
561 1165 609 1202 et
629 1158 834 1214 sacrificij
853 1159 911 1203 de
931 1160 988 1203 V.
1010 1160 1064 1202 R.
1092 1160 1145 1202 P.
1164 1158 1304 1202 molto
1321 1157 1363 1201 ci
1384 1156 1788 1201 raccomandiamo.

163 1233 223 1278 Di
245 1234 444 1279 Messina
470 1248 521 1279 10
541 1235 588 1278 di
610 1236 807 1280 Febraro
835 1248 851 1278 Ι
861 1245 962 1290 555.

252 1312 340 1356 Del
355 1313 405 1355 P.
419 1312 626 1356 Guttano
638 1319 685 1356 et
697 1313 771 1355 del
784 1312 960 1355 fratello
974 1311 1165 1356 Ottauio
1178 1326 1270 1355 non
1284 1325 1336 1355 so
1349 1311 1463 1355 altro
1481 1312 1510 1354 ¹.
1527 1312 1583 1354 D.
1600 1312 1656 1354 V.
1672 1312 1724 1354 R.
1741 1311 1792 1353 P.

163 1387 324 1433 inutile
345 1387 392 1431 in
414 1388 598 1432 Christo
617 1403 768 1443 seruo,

1022 1466 1278 1509 ANMBALE
1310 1466 1554 1510 CODRETO.

255 1544 391 1586 Caret
417 1542 610 1586 secundo
630 1543 769 1600 folio,
796 1543 848 1586 in
875 1557 961 1599 quo
979 1543 1110 1601 forte
1136 1545 1237 1585 erat
1258 1542 1509 1598 inscriptio,
1538 1542 1616 1585 sed
1643 1545 1796 1584 manet

152 1620 407 1677 *vestigium
429 1619 611 1676 aliquod
632 1632 761 1662 cerae
777 1619 946 1662 rubrae
966 1621 1008 1662 et
1029 1619 1263 1677 ligaturae
1284 1619 1447 1676 sigilli.

922 1847 1043 1889 934

699 1941 972 1980 ANTONIUS
990 1943 1061 1979 DE
1079 1942 1259 1981 ARAOZ

535 2031 722 2075 PATRI
752 2032 1014 2077 IGNATIO
1046 2034 1130 2076 DE
1161 2033 1423 2077 LOYOLA

575 2133 863 2162 VALLISOLETO
892 2134 935 2172 14
960 2135 1186 2162 FEBRUARII
1214 2135 1304 2172 1555
1328 2129 1358 2162 ².

158 2210 224 2245 *De
253 2209 319 2244 Fr.
351 2208 560 2244 Melchiore
589 2208 712 2254 Cano,
737 2220 937 2245 sermones
962 2209 1149 2246 adversus
1176 2209 1372 2256 Ignatium
1402 2210 1795 2245 habente—Frustra

234 2273 394 2303 conatur
411 2267 519 2304 illum
537 2273 578 2303 et
595 2268 692 2314 Jesu
709 2267 948 2305 Societatem
966 2269 1006 2304 in
1024 2268 1210 2305 invidiam
1234 2269 1336 2317 apud
1360 2268 1572 2317 prudentes
1598 2269 1701 2304 viros
1728 2267 1793 2303 ad-

235 2327 396 2363 ducere.
443 2332 446 2335 “

918 2448 1038 2490 Ihus.

253 2542 363 2597 Muy
385 2542 500 2584 Rdo.
529 2541 674 2584 Padre
696 2548 896 2584 nuestro.
924 2543 1020 2584 Pax
1042 2541 1147 2598 Xpi.
1173 2543 1255 2586 Asi
1278 2557 1360 2599 por
1381 2556 1488 2585 aver
1509 2540 1676 2597 scripto
1704 2541 1793 2583 lar-

158 2631 226 2674 ·go
247 2631 329 2673 por
350 2617 611 2673 duplicadas
632 2632 746 2674 poco
768 2632 810 2669 a,
835 2631 966 2661 como
987 2632 1163 2674 porque
1184 2619 1226 2663 el
1244 2621 1294 2662 P.
1317 2620 1458 2663 Santa
1476 2619 1595 2661 Cruz
1613 2618 1628 2638 ⁵
1647 2617 1794 2660 scribe

155 2694 221 2737 -de
241 2693 285 2736 lo
306 2693 475 2745 demas,
507 2700 604 2737 esta
630 2697 730 2738 sera
761 2694 859 2737 solo
888 2708 993 2750 para
1022 2694 1169 2738 avisar
1196 2699 1222 2738 a
1251 2697 1307 2739 V.
1337 2697 1388 2738 P.
1421 2698 1550 2737 cOmo
1572 2694 1612 2736 el
1635 2692 1794 2749 obispo

155 2770 307 2822 Cano,
333 2783 421 2825 que
444 2769 548 2812 vino
577 2780 624 2824 15
648 2771 745 2813 dias
767 2785 793 2813 a
813 2774 840 2813 a
859 2778 956 2814 esta
977 2777 1102 2815 corte
1124 2772 1167 2828 (y
1185 2787 1233 2816 es
1251 2787 1307 2828 ya
1325 2771 1509 2826 vuelto),
1529 2785 1586 2814 en
1604 2771 1792 2813 muchas

238 2913 247 2933 ¹
298 2911 685 2957 Joannes'Guttanus
703 2916 744 2947 et
761 2910 1000 2948 Octavianus
1019 2912 1155 2949 Cesari
1172 2915 1235 2949 vel
1254 2913 1414 2949 Cesare.

233 2972 248 2992 ¹
298 2971 356 3004 Ex
374 2970 611 3016 autographo
628 2969 669 3005 in
687 2970 764 3005 vol.
783 2970 829 3016 F,
847 2970 992 3017 duplici
1009 2969 1117 3018 folio,
1131 2983 1169 3007 n.
1185 2972 1245 3014 86,
1262 2971 1367 3019 prius
1383 2970 1636 3015 429.—Hane
1650 2970 1795 3017 episto-

156 3027 240 3064 ‘lam
257 3028 434 3064 adhibuit
452 3029 669 3074 POLANCO,
688 3034 720 3064 t.
742 3037 785 3075 v,
804 3040 894 3076 pag.
920 3037 1004 3076 457,
1023 3042 1061 3066 n.
1085 3038 1175 3076 1240
1193 3037 1232 3067 et
1251 3043 1342 3078 seqq
1355 3057 1363 3066 .

235 3088 250 3108 ⁵
299 3088 342 3123 P.
363 3087 534 3124 Didaeus
552 3086 787 3125 Santacruz?
