2054 3496
813 253 856 289 13
882 253 1035 289 MAnTn
1064 261 1155 299 1554
1708 265 1754 301 95

163 358 222 402 de
243 356 346 410 Dio,
372 357 534 400 stando
556 355 639 399 fori
661 356 719 400 de
740 356 900 409 Roma,
926 356 1012 399 che
1032 354 1079 398 in
1101 357 1263 399 Roma.
1290 356 1348 399 Et
1370 357 1569 400 anchora
1590 357 1805 403 serrebbe

164 434 286 478 forse
312 432 391 490 piu
418 433 624 490 agiutato
654 433 696 476 el
725 432 864 489 padre
891 431 1009 476 della
1040 431 1130 481 mia
1161 446 1312 486 carne,
1342 433 1574 489 perdendo
1604 433 1651 476 in
1684 440 1804 478 tutto

165 510 276 568 ogni
297 525 514 567 speranza
535 525 560 554 e
583 508 823 553 occasione
844 510 930 552 che
944 508 1112 553 habbia
1132 524 1160 553 o
1181 508 1353 566 potessi
1373 511 1543 553 hauere
1565 511 1743 567 (stando
1758 511 1804 554 io

166 587 215 630 in
246 587 404 644 Roma)
437 588 494 631 de
522 586 756 632 retirarme
787 586 906 631 dalla
932 593 1063 629 santa
1091 585 1327 644 religione,
1358 587 1416 630 de
1443 587 1578 630 modo
1607 589 1691 632 che
1719 602 1745 632 6
1776 604 1804 632 a

166 679 240 709 me
261 671 307 708 et
328 665 370 709 al
391 671 519 721 patre
541 665 658 707 della
678 663 768 707 mia
789 678 928 708 carne
948 664 1168 720 potrebbe
1189 677 1340 708 essere
1364 663 1471 707 utile
1488 664 1531 707 la
1553 664 1803 710 mutatione

164 742 240 786 del
265 742 413 785 locho.
440 743 498 784 Et
529 741 785 784 anchorche
807 740 850 784 io
877 754 950 783 me
980 739 1098 783 troui
1129 755 1210 797 per
1237 740 1385 798 gratia
1416 741 1474 786 de
1501 740 1590 784 Dio
1622 741 1803 787 indiffe-

165 826 291 862 rente
312 819 370 863 de
392 833 585 875 reggere
608 817 717 875 ogni
739 816 829 861 mia
851 818 1039 861 uolonta
1061 818 1260 862 secondo
1283 819 1368 862 che
1390 817 1448 862 lei
1476 832 1549 861 me
1572 818 1800 873 ordinata,

163 902 290 939 tanto
311 896 428 939 dello
444 895 613 940 andare
635 910 662 939 o
679 902 815 947 stare,
842 909 971 938 come
993 895 1050 938 de
1071 894 1181 951 ogni
1202 895 1316 939 altra
1348 909 1471 948 cosa,
1497 895 1799 950 nondemeno,

162 973 355 1017 essendo
377 971 601 1017 rechiesto
624 973 680 1015 de
700 971 797 1016 dire
818 972 970 1028 quello
993 972 1078 1014 che
1099 978 1248 1025 sento,
1278 978 1324 1016 et
1345 972 1418 1015 dal
1447 978 1582 1016 canto
1609 972 1699 1015 mio
1719 973 1802 1016 de—

163 1049 330 1103 sidero,
364 1051 394 1092 1’
428 1052 488 1093 ho
523 1050 653 1093 fatto.
679 1051 738 1092 Et
764 1051 938 1106 pregho
971 1050 1156 1107 (quanto
1190 1064 1340 1105 posso,
1366 1050 1493 1093 salua
1513 1050 1557 1093 la
1585 1049 1802 1107 integrita

162 1127 282 1171 della
303 1141 412 1170 uera
433 1126 704 1182 obedientia)
738 1127 904 1170 Vostra
936 1125 1051 1170 R,tia
1078 1127 1164 1170 che
1185 1140 1234 1170 se
1255 1126 1395 1183 degni
1416 1127 1678 1170 mandarme
1705 1127 1803 1171 fora

164 1203 223 1247 de
244 1205 403 1256 Roma,
438 1203 572 1256 doue,
605 1204 755 1246 leuate
788 1203 926 1247 molte
953 1203 1192 1247 occasione
1219 1204 1305 1247 che
1336 1205 1397 1246 ho
1424 1204 1482 1248 de
1513 1218 1605 1247 non
1633 1204 1802 1249 andare

164 1280 362 1333 innanzi,
381 1295 514 1337 possa
531 1279 732 1324 eaminar
749 1280 827 1336 piu
846 1280 1102 1325 facilmente
1119 1281 1177 1323 ad
1193 1281 1236 1323 la
1258 1280 1545 1336 perfettione,
1565 1281 1699 1336 quale
1720 1281 1803 1325 de—

163 1356 313 1402 sidero
334 1372 415 1414 per
435 1357 616 1414 piacere
637 1364 684 1401 et
704 1357 877 1401 seruire
904 1372 931 1400 a
952 1357 1078 1400 Iddio
1095 1364 1251 1400 nostro
1278 1357 1464 1414 signore
1490 1358 1517 1401 ¹.
1552 1359 1609 1400 Et
1639 1356 1729 1401 Dio
1757 1357 1801 1401 la

161 1434 372 1479 conserui
394 1442 440 1479 et
461 1449 594 1491 empa
615 1435 734 1479 della
761 1449 843 1477 sua
870 1433 1126 1478 santissima
1154 1433 1317 1490 gratia.
1346 1435 1557 1479 Ammen.
1594 1435 1638 1478 A
1666 1435 1711 1477 di
1746 1447 1796 1490 13

160 1512 220 1556 de
241 1514 396 1556 Marzo
424 1522 550 1567 1554.
571 1514 642 1555 De
664 1512 722 1555 V.
749 1513 803 1554 R.
829 1510 1003 1568 figliolo
1026 1510 1243 1568 indegno,

548 1590 826 1640 TARQUINIO
858 1589 1127 1640 RAYNALDI,
1154 1588 1271 1631 della
1293 1587 1582 1644 Compagnia
1602 1589 1659 1631 de
1674 1590 1796 1646 Jesu.

182 1699 191 1701 ⁴
251 1665 509 1721 Inscriplio:
532 1665 592 1708 Al
609 1665 748 1708 molto
770 1665 885 1708 Rdo.
911 1664 957 1707 in
978 1664 1162 1708 Christo
1181 1667 1332 1717 Patre,
1354 1665 1396 1709 el
1419 1666 1555 1708 Patre
1578 1667 1641 1709 M.
1661 1666 1801 1722 Igna-

162 1742 224 1785 tio
245 1743 303 1785 de
331 1742 517 1798 Loyola,
549 1741 777 1798 preposito
806 1742 1019 1799 generale
1047 1742 1164 1786 della
1198 1741 1482 1798 Compagnia
1510 1742 1567 1786 de
1588 1743 1716 1800 Jesu.
1748 1744 1800 1786 In

163 1820 321 1872 Roma,
345 1818 392 1861 in
413 1819 457 1862 la
478 1833 582 1862 casa
604 1819 660 1862 de
681 1818 795 1862 ditta
817 1818 1116 1875 Compagnia.

232 1994 243 2015 ¹
294 1992 445 2028 Annuit
461 1991 638 2038 Ignatius
655 1991 857 2039 Tarquinii
874 1991 992 2036 votis,
1011 2002 1178 2038 eumque
1193 2002 1282 2026 cum
1297 1991 1402 2027 socio
1417 1992 1591 2039 Gaspare
1606 1992 1646 2028 in
1660 1992 1802 2039 Hispa-

158 2051 262 2087 niam
280 2051 398 2087 misit.
417 2052 495 2087 Eos
514 2051 753 2087 Florentiam
778 2063 903 2099 usque
921 2051 965 2087 P.
986 2050 1111 2088 Olave
1129 2050 1338 2087 comitatus
1358 2056 1430 2086 est.
1453 2052 1672 2093 POLANCO,
1692 2056 1722 2087 t.
1740 2060 1798 2097 lv,

158 2122 246 2159 pag.
269 2120 350 2156 140,
374 2123 418 2147 n.
443 2110 525 2146 280.
546 2111 617 2146 Ille
642 2122 735 2146 vero
761 2111 908 2158 «prima
931 2111 995 2146 die
1019 2111 1276 2146 Pentecostes
1302 2110 1524 2146 Valentiam
1541 2110 1737 2158 pervenit;
1758 2115 1800 2147 et

156 2170 259 2218 quod
276 2170 325 2206 ad
342 2170 607 2206 valetudinem
626 2170 781 2216 attinet,
799 2182 888 2206 cum
906 2171 1008 2206 bene
1026 2171 1205 2216 haberet,
1220 2168 1366 2205 ibidem
1381 2170 1521 2206 studiis
1535 2170 1627 2206 dare
1642 2181 1800 2217 operam

156 2229 334 2277 coepit.»
353 2230 572 2275 POLANCO,
597 2234 625 2265 t.
653 2239 709 2276 IV,
735 2241 829 2276 pag.
855 2228 941 2275 340,
967 2241 1006 2265 n.
1032 2229 1346 2275 724.-Exstant
1370 2229 1514 2276 Ignatii
1538 2229 1686 2265 monita
1713 2229 1799 2265 sive

159 2290 319 2335 regulae
348 2290 398 2324 ab
427 2288 523 2336 ipsis
553 2289 745 2324 servanda
770 2289 809 2324 in
842 2300 914 2325 suo
938 2289 1095 2335 itinere,
1131 2287 1279 2324 cartas
1301 2289 1348 2324 de
1375 2289 1460 2324 San
1484 2290 1667 2337 Ignacio,
1700 2294 1732 2324 t.
1758 2298 1797 2331 v,

162 2360 255 2396 pag.
278 2347 348 2384 382
365 2353 406 2384 et
426 2348 768 2396 180.-Tarquinii
785 2348 987 2395 ingenium
1010 2353 1050 2384 et
1067 2347 1236 2395 optimos
1262 2359 1389 2384 mores
1407 2348 1567 2384 laudant
1594 2343 1797 2389 valentini,

166 2408 261 2444 Litt.
282 2408 459 2454 Quadr„
477 2412 507 2443 t.
525 2417 568 2454 11,
587 2419 679 2455 pag.
705 2416 788 2453 557;
809 2409 1024 2454 ALVAREZ‚
1042 2407 1230 2443 Historia
1251 2407 1299 2443 de
1324 2408 1366 2443 la
1384 2408 1599 2454 provincia
1623 2408 1670 2442 de
1694 2407 1800 2441 Ara-

158 2469 257 2515 gdn,
276 2467 347 2503 lib.
372 2477 399 2513 1,
418 2478 506 2514 cap.
530 2466 590 2512 43,
609 2466 712 2514 apud
733 2466 878 2503 Cartas
902 2469 950 2503 de
969 2468 1054 2503 San
1072 2467 1253 2514 Ignacio‚
1274 2471 1303 2502 t.
1325 2475 1367 2512 v,
1386 2478 1479 2513 pag.
1507 2466 1588 2511 183,
1607 2470 1738 2501 annot.
1758 2463 1798 2510 3,

162 2526 325 2574 aliique.
