2014 3476
311 233 382 273 -166
511 289 514 293 Ι
811 235 1050 276 EPISTQLAE
1075 233 1364 279 Mutua—805

255 336 286 380 -ὲ
313 334 361 382 in
387 334 597 392 bisogno,
627 335 671 379 13
698 335 964 393 preghiamo
993 350 1020 381 a
1045 334 1157 379 *farsi
1178 334 1413 392 partecipi‚
1443 335 1671 381 *facendoli
1698 335 1912 383 iustam

259 412 347 457 che
381 413 425 456 13
459 412 608 456 scriua
643 426 732 457 con
766 414 811 458 lo
846 412 992 470 primo
1028 412 1071 455 al
1108 411 1219 456 R.d0
1256 418 1453 457 maestro
1490 412 1695 470 Giacopo
1723 414 1902 470 Layner

259 495 432 542 nostro,
458 491 543 533 che
570 504 662 534 non
681 489 722 533 si
752 495 880 547 parta
908 490 967 534 da
995 489 1205 542 Genoua,
1236 489 1396 534 saltem
1420 488 1520 533 sino
1550 505 1576 533 a
1599 496 1727 534 tanto
1750 491 1835 535 che
1855 490 1902 533 vi

260 566 503 611 habbiamo
524 567 567 611 el
587 566 796 624 collegio,
821 567 989 623 perche
1009 565 1058 610 in
1078 580 1190 609 ,vero
1211 564 1407 622 importa
1428 566 1743 611 sommamenti
1766 582 1847 624 per
1863 566 1900 610 -il

258 643 496 700 seruiggio
517 644 564 687 di
585 643 673 688 Dio
696 658 722 687 e
742 659 823 701 per
848 644 995 699 quest'
1020 657 1158 699 opera
1185 643 1258 686 del
1287 642 1482 699 collegio
1505 644 1663 687 l’esser
1683 658 1770 688 suo
1788 657 1898 700 qua,

260 721 306 764 13
325 721 445 765 doue
471 721 515 764 13
542 735 626 764 sua
656 727 870 777 partenza
898 719 1015 763 saria
1042 734 1129 763 eon
1158 718 1409 775 despiacer'
1433 720 1491 763 de
1519 720 1662 765 molti.
1702 723 1790 765 Per
1811 720 1906 775 cio,

261 797 617 853 persuadendosi
634 798 680 840 d’
695 812 819 842 esser
835 795 1143 852 compiaciuti,
1163 802 1467 852 aspettaremo
1483 796 1525 841 le
1542 796 1690 841 littere
1706 797 1752 841 di
1769 798 1826 842 V.
1844 798 1907 841 R.

262 881 311 919 et
330 874 672 919 interteniremo
700 889 801 918 esso
830 874 946 918 Rdo.
978 874 1174 930 Layner,
1206 873 1478 918 offerendosi
1505 873 1552 916 di
1579 874 1798 918 continuo
1818 875 1904 918 alla

262 953 320 1004 R.
345 953 423 1004 V.,
454 952 690 1008 pregando
717 950 805 994 Dio
832 952 919 995 che
946 951 990 994 la
1016 949 1196 1007 guardi.
1229 952 1302 994 Da
1327 951 1522 998 Genoua
1549 951 1593 995 al
1620 958 1744 995 terzo
1769 951 1818 995 di
1846 952 1913 996 de

264 1028 454 1085 Maggio
476 1029 534 1071 de
556 1041 749 1075 MDL1111.
771 1028 832 1071 Al
853 1026 1040 1072 seru-itio
1057 1029 1115 1071 D.
1142 1028 1200 1072 V.
1227 1029 1303 1082 R.,
1326 1032 1584 1084 sequuntur
1605 1029 1810 1073 nomina.

850 1106 1068 1163 JAcossus
1091 1106 1452 1158 VILAMARINUS‚
1477 1105 1696 1158 notarius,

500 1188 544 1227 et
566 1181 871 1238 praefatorum
893 1180 1181 1225 dominorum
1202 1182 1490 1239 prouisorum
1513 1188 1560 1227 et
1581 1183 1905 1239 deputatorum

680 1258 994 1302 cancellarius.
1823 1259 1828 1263 “

353 1336 613 1392 Inscriptio:
635 1335 695 1379 Al
712 1336 854 1379 molto
872 1336 986 1379 Rdo.
1013 1335 1061 1378 in
1080 1335 1265 1380 Christo
1289 1337 1380 1380 don
1403 1336 1596 1393 Ignatio‚
1615 1337 1830 1394 generale
1846 1337 1909 1380 de

262 1414 305 1457 13
327 1412 611 1470 Compagnia
632 1413 689 1456 de
711 1413 885 1466 Yhesu,
911 1412 958 1456 in
981 1414 1143 1460 Roma.

1026 1648 1149 1689 805

799 1754 1069 1793 NICOLAUS
1096 1757 1167 1791 DE
1192 1756 1376 1794 LANOY

639 1852 829 1896 PATRI
859 1851 1123 1896 IGNATIO
1156 1853 1240 1896 DE
1271 1853 1533 1897 LOYOLA

839 1955 999 1983 viENNA
1024 1956 1047 1992 4
1072 1955 1165 1990 MAJI
1196 1955 1287 1993 1554
1308 1949 1335 1985 ¹.

185 2085 191 2089 ἦ
264 2035 368 2071 Socii
386 2035 426 2071 in
451 2035 684 2072 coenobium
709 2035 1005 2071 carmelitanum
1032 2034 1472 2083 immigraturi.-Quid
1497 2036 1605 2084 prius
1630 2035 1909 2083 praestandum

336 2107 424 2131 esse
444 2094 612 2142 Lanojus
627 2093 906 2141 judicet.—De
922 2093 1040 2130 sociis
1054 2093 1103 2130 ad
1121 2106 1252 2132 sacros
1271 2088 1427 2132 ordines
1444 2095 1908 2143 promovendis.-Scho-

335 2154 495 2190 lasticus
513 2153 634 2190 frater
651 2153 870 2190 tentatione
887 2153 1079 2201 pulsatur.

1069 2230 1091 2265 †

1034 2269 1134 2326 jhs.

357 2359 423 2402 La
444 2358 591 2414 gratia
612 2364 658 2403 et
678 2371 792 2415 pace
812 2358 871 2402 de
892 2358 950 2402 N.
984 2358 1032 2403 S.
1059 2358 1172 2415 Jesi'i
1194 2356 1280 2400 Χ.ο
1309 2356 1375 2400 sia
1405 2371 1582 2414 sempre
1610 2358 1729 2402 nelle
1756 2357 1909 2403 anime

268 2442 437 2479 nostre.
464 2436 630 2479 Amen.
662 2435 777 2479 Rdo.
804 2435 968 2479 Padre.
993 2435 1126 2490 Dopo
1148 2435 1291 2477 hauer
1308 2433 1515 2477 dubitato
1537 2434 1677 2491 longo
1700 2441 1852 2491 tempo
1868 2433 1906 2478 si

267 2512 577 2556 doueressimo
597 2511 758 2555 lasciar
785 2510 815 2554 il
844 2510 1119 2556 monasterio
1149 2510 1208 2555 de
1230 2517 1362 2554 santo
1389 2510 1664 2564 Domenico,
1690 2512 1802 2554 hora
1833 2525 1907 2556 re.-

268 2595 424 2645 parato
446 2589 691 2632 abastanza
711 2603 791 2645 per
813 2594 934 2632 stare
954 2587 1192 2645 maggiore
1210 2602 1400 2632 numero
1423 2587 1540 2631 assai
1557 2588 1663 2631 delli
1684 2587 1844 2641 nostri,
1860 2594 1911 2634 et

267 2666 460 2710 essendo
484 2666 595 2709 fatto
623 2665 655 2709 il
681 2665 887 2722 desegno
916 2679 996 2721 per
1022 2664 1066 2708 le
1093 2665 1271 2717 schole,
1298 2671 1343 2708 et
1366 2663 1733 2708 incomminciata
1761 2664 1838 2721 gia
1867 2664 1913 2713 la

268 2756 419 2797 opera,
440 2742 716 2794 finalmente,
743 2756 823 2798 per
844 2742 957 2786 certi
978 2740 1320 2784 ineonuenienti
1341 2740 1637 2797 soprauenuti
1659 2747 1706 2785 et
1727 2739 1910 2785 alchuni
1953 2791 1957 2795 ,

269 2820 465 2862 anchora
493 2818 615 2874 dipoi
642 2817 853 2874 preuisti,
895 2817 932 2861 si
970 2817 1127 2862 risolse
1164 2816 1195 2860 il
1233 2813 1438 2874 negotio,
1480 2819 1566 2861 che
1602 2816 1914 2862 doueressimo

270 2895 529 2940 transferire
551 2895 594 2938 la
615 2901 768 2940 nostra
790 2894 1072 2940 habitatione
1094 2895 1136 2938 al
1165 2894 1439 2938 monasterio
1467 2894 1573 2940 delli
1602 2893 1842 2947 carmeliti‚
1866 2894 1910 2937 al

344 3039 354 3058 ¹
405 3038 464 3073 Ex
483 3038 724 3085 autographo
742 3037 781 3074 in
800 3039 879 3074 vol.
901 3038 947 3083 E,
966 3037 1112 3084 duplici
1131 3037 1238 3083 folio,
1258 3050 1296 3074 n.
1322 3047 1402 3083 104,
1423 3038 1529 3085 prius
1548 3036 1633 3073 213.
