2060 3432
330 212 402 250 816
809 213 1048 248 EPISTOLAE
1076 196 1390 248 er'rAn-iox8

285 314 411 359 uarie
432 313 635 371 ragione,
659 314 776 358 delle
799 312 920 370 quali
943 313 1105 357 alcune
1126 311 1191 368 gli
1212 311 1380 365 scrissi‚
1407 319 1476 356 tra
1491 313 1534 356 le
1550 312 1671 370 quali
1687 314 1730 357 la
1745 313 1914 370 princi-

226 435 232 443 ,
283 392 357 448 pal
373 405 449 435 era
469 392 497 434 l’
520 390 766 435 instabilita
785 391 859 433 del
887 395 1097 442 maestrO,
1122 388 1153 431 il
1175 389 1308 444 quale
1337 402 1417 445 per
1443 389 1591 446 gratia
1617 390 1690 434 del
1718 390 1915 447 Signore

282 470 395 512 hora
423 483 480 512 ua
507 469 647 512 molto
676 468 955 512 saldamente
983 466 1029 508 in
1057 464 1293 522 discipline
1320 465 1532 523 publiche
1561 474 1606 512 et
1634 467 1834 524 priuate,
1866 468 1913 512 in
1971 487 1973 489 ·

282 545 442 591 seruir’
467 547 541 589 all'
565 545 682 598 altri,
708 552 754 590 et
775 543 995 601 predicar’
1020 543 1067 587 in
1096 543 1266 600 piacce,
1297 550 1385 588 etc.
1412 543 1539 587 Tutti
1570 544 1634 602 gli
1662 546 1763 589 altri
1791 546 1912 603 pari-

281 630 435 668 mente
465 637 615 666 uanno
643 623 782 665 molto
809 623 926 665 bene
947 620 994 663 in
1023 627 1217 676 utroque
1247 620 1447 673 homine,
1474 629 1650 666 eccetto
1675 622 1707 665 il
1736 623 1912 667 fratello

281 701 446 753 LucaS,
471 701 557 744 che
578 706 647 743 sta
669 700 866 742 anchora
887 713 974 741 con
995 697 1149 743 scabie
1169 705 1215 742 et
1238 699 1316 741 un'
1339 705 1571 755 apostema
1587 706 1706 743 sotto
1722 699 1911 757 l'ingui-

280 792 354 831 ne;
379 785 532 834 presto
554 778 654 833 pur’
678 790 736 820 ne
757 778 873 829 sara,
899 789 1031 819 come
1051 775 1090 819 si
1113 776 1228 820 uede
1250 790 1330 832 per
1350 776 1393 820 la
1414 775 1776 832 meglioratione,
1795 776 1910 821 libe-

278 862 391 898 rato.
418 853 698 898 Domenicha
727 852 942 910 predicho
969 852 1000 895 il
1028 852 1228 909 giubileo
1256 854 1319 896 M.
1355 854 1562 898 Lorenzo
1592 855 1602 875 ¹
1638 854 1714 897 nel
1746 854 1911 898 luocho
1983 850 1987 857 ‘

279 931 429 986 solito,
453 931 491 974 si
511 945 592 987 per
614 931 725 974 farlo
742 930 910 987 meglio
933 931 1005 973 ch'
1029 929 1089 983 io,
1110 944 1239 974 corne
1255 931 1401 974 anche
1416 944 1496 987 per
1514 945 1605 989 uno
1621 932 1808 975 catharo
1824 933 1910 977 che

279 1010 339 1050 m'
363 1007 620 1064 impedisse.

368 1094 391 1140 5
417 1084 580 1129 fratelli
600 1083 899 1140 predichorno
922 1084 1028 1140 quel
1049 1083 1210 1140 giorno
1232 1082 1278 1126 in
1300 1084 1390 1127 due
1410 1083 1562 1127 chiese
1583 1084 1839 1141 parochiale
1861 1092 1907 1130 et

277 1161 321 1204 in
340 1161 446 1204 duoi
464 1160 737 1213 monasterii,
764 1168 809 1204 et
827 1163 904 1203 un’
923 1160 970 1203 in
985 1159 1173 1217 piaccia,
1193 1175 1279 1204 con
1298 1161 1438 1219 frutto
1455 1168 1501 1206 et
1517 1161 1826 1207 ammiratione
1843 1162 1907 1206 dil

276 1239 440 1295 popolo
462 1237 507 1281 di
531 1239 698 1282 uedere
720 1237 832 1282 tanti
855 1237 959 1282 belli
982 1237 1088 1281 doni
1109 1237 1156 1281 in
1188 1244 1315 1282 tanto
1338 1238 1512 1295 piccolo
1533 1253 1739 1294 numero,
1765 1246 1811 1283 et
1831 1241 1906 1284 eta

277 1322 403 1359 tanto
427 1322 597 1360 tenera.

362 1393 646 1438 Domenicha
673 1393 710 1437 si
743 1392 1016 1437 annonciara
1047 1392 1079 1435 il
1110 1391 1312 1450 giubileo
1343 1392 1593 1450 parimente
1624 1394 1743 1439 nella
1773 1400 1904 1438 santa

273 1483 378 1516 casa
391 1486 470 1527 per
484 1472 546 1514 M.
562 1473 634 1528 Jo.
656 1472 876 1524 Lorenzo,
894 1478 939 1515 et
957 1472 1079 1517 forse
1095 1471 1201 1515 tutti
1218 1470 1512 1516 ritornaremo
1529 1471 1572 1515 al
1588 1478 1742 1515 nostro
1758 1470 1903 1528 primo

272 1547 450 1591 luocho.

360 1624 478 1668 Delli
507 1624 639 1668 danai
668 1626 740 1669 del
768 1625 925 1682 signor
952 1626 1152 1680 dottore‚
1184 1640 1234 1669 sa
1261 1632 1416 1669 nostro
1445 1625 1611 1682 Signor
1639 1632 1810 1681 quanto
1840 1624 1902 1668 mi

271 1702 513 1755 rincresce,
526 1717 606 1758 per
622 1716 899 1759 cognoscere
915 1702 946 1745 il
962 1702 1156 1759 bisogno
1173 1702 1218 1746 di
1235 1705 1376 1756 costa;
1391 1717 1464 1746 ma
1481 1717 1572 1746 non
1589 1717 1656 1756 so,
1670 1702 1716 1745 ni
1732 1716 1902 1759 puosso

271 1778 354 1821 dir'
380 1779 510 1822 altro.
536 1778 649 1822 Dice
671 1778 935 1836 monsignor
956 1785 1260 1836 gouernatore
1278 1780 1292 1800 ³
1316 1780 1372 1823 de
1395 1779 1493 1836 gire
1517 1780 1709 1824 domane
1730 1778 1777 1822 in
1798 1780 1898 1822 An-

270 1856 433 1915 chona,
458 1862 504 1900 et
525 1854 571 1897 di
595 1856 688 1900 fare
709 1854 936 1912 diligenza
957 1855 1002 1899 di
1023 1858 1202 1900 metter'
1227 1855 1274 1899 in
1295 1857 1451 1900 effetto
1473 1862 1628 1899 nostro
1658 1869 1899 1899 commune

270 1926 509 1976 desiderio.
535 1931 623 1976 Dio
645 1932 710 1989 gli
726 1932 799 1976 dia
821 1932 983 1989 gratia.
1334 1982 1339 1988 ,

358 2008 434 2052 Dil
457 2009 631 2053 fratello
653 2009 817 2052 Enrico
840 2010 854 2030 ³
880 2024 972 2053 non
995 2010 1190 2054 hauemo
1207 2009 1376 2054 sentito
1399 2006 1528 2053 altro:
1554 2009 1599 2052 di
1616 2023 1705 2065 qua
1726 2009 1775 2052 se
1791 2023 1898 2065 par-

270 2085 352 2129 tito
375 2100 464 2129 con
485 2087 624 2129 buon’
650 2085 814 2129 animo.
842 2087 1013 2142 Quant’
1038 2086 1080 2130 al
1097 2087 1331 2131 mandarlo
1349 2087 1392 2130 al
1408 2101 1492 2130 suo
1509 2087 1647 2143 padre
1663 2084 1898 2142 spirituale

267 2162 314 2206 in
338 2162 587 2219 Peruggia,
611 2163 768 2220 pensai
792 2163 884 2207 sare
907 2163 1038 2216 bene,
1070 2165 1236 2220 perche
1264 2163 1485 2207 dubitauo
1515 2161 1786 2220 trasgredire
1808 2161 1898 2205 mie

266 2241 437 2297 regole‚
471 2241 648 2284 benche
675 2241 782 2297 puoi
812 2241 853 2283 le
882 2240 1180 2297 trasgredisse
1209 2242 1376 2298 gabato
1405 2256 1485 2298 per
1513 2255 1624 2284 suoe
1652 2239 1819 2296 parole,
1850 2244 1897 2282 et

266 2332 347 2374 per
369 2331 460 2360 non
484 2317 772 2362 manifestare
793 2319 899 2375 puoi
920 2335 946 2363 a
968 2317 1110 2362 nostri
1143 2317 1306 2363 fratelli
1333 2332 1418 2362 suo
1444 2332 1611 2361 errore:
1637 2317 1750 2360 altra
1774 2315 1896 2358 uolta

267 2408 442 2439 saremo
465 2393 543 2450 piu
564 2393 858 2451 circunspetti
880 2411 959 2452 per
981 2395 1128 2452 gratia
1150 2395 1224 2440 del
1246 2394 1455 2452 Signore.

354 2472 397 2514 A
419 2471 683 2528 monsignor
705 2472 835 2515 forno
855 2472 1108 2529 gratissime
1125 2473 1167 2517 le
1188 2473 1348 2517 lettere
1368 2471 1488 2516 della
1504 2473 1558 2515 R.
1582 2473 1634 2514 P.
1657 2472 1713 2515 V.
1736 2472 1768 2525 ⁴3
1790 2470 1890 2514 anzi

265 2554 388 2592 certo
411 2563 505 2592 non
532 2562 698 2605 puosso
727 2548 976 2606 imaginare
1008 2550 1113 2606 qual
1139 2563 1246 2592 cosa
1271 2547 1336 2605 gli
1363 2562 1530 2605 puossa
1551 2547 1628 2604 piu
1657 2547 1822 2604 piacer’
1847 2547 1893 2590 di

264 2631 425 2679 questo
443 2625 625 2678 mondo,
646 2626 731 2668 che
747 2626 923 2670 almeno
941 2625 1142 2670 riceuere
1159 2625 1293 2668 simul
1310 2624 1616 2668 consolatione
1637 2624 1739 2667 dala
1756 2626 1808 2668 P.
1831 2625 1889 2668 V.

335 2785 347 2806 ¹
399 2785 570 2830 joannes
589 2785 821 2821 Laurentius
841 2785 887 2821 de
906 2785 1091 2822 Patarini.

331 2843 346 2864 ²
398 2843 549 2890 Gaspar
565 2843 614 2880 de
632 2844 785 2881 Doctis.

329 2900 346 2923 ⁸
395 2903 455 2937 De
474 2902 644 2939 Henrico
661 2903 825 2950 aliisque
851 2903 1051 2951 fratribus,
1077 2915 1193 2951 supra
1212 2903 1294 2950 egit
1314 2903 1397 2951 ipse
1419 2902 1631 2949 Oliverius,
1657 2902 1697 2938 in
1723 2902 1889 2939 laudatis

261 2959 378 3006 epist.

326 3019 342 3040 ⁴
394 3017 540 3056 cartas
557 3022 604 3057 de
623 3021 708 3057 San
730 3021 910 3069 Ignacio,
931 3028 957 3058 t.
978 3031 1018 3068 v,
1038 3034 1127 3070 pag.
1146 3021 1230 3068 398.
