2060 3432
874 247 896 285 5
921 239 1031 286 ,ΙΠΙᾸῙ
1059 245 1148 284 1555
1706 245 1778 284 719

191 351 240 389 et
257 342 490 399 cordoglio
506 342 563 385 de
582 340 704 395 tutti,
722 355 774 385 so
784 339 848 398 gli
857 338 1174 398 n'hau[r]ebbe
1190 337 1516 396 compassione.
1537 339 1594 382 Et
1610 352 1660 382 se
1676 339 1825 395 quella

194 434 268 464 me
289 418 428 463 dicesi
449 425 673 476 potranno
695 417 862 461 andare
882 431 909 460 a
930 423 1061 460 santo
1082 416 1268 460 Andrea
1289 416 1426 460 affare
1447 415 1549 471 quel
1577 414 1824 460 medesimo

197 498 355 542 effetto
376 497 461 540 che
483 496 621 539 fanno
638 494 685 537 in
702 500 831 538 santa
847 492 1005 546 Lucia,
1025 499 1184 549 questo
1200 493 1388 535 affermo
1404 506 1555 536 essere
1570 491 1602 534 il
1619 506 1728 537 uero
1745 507 1825 549 per

200 574 392 629 qualche
410 586 602 629 persona
623 571 819 629 giouene
839 577 885 614 et
901 569 1152 627 gagliarda,
1171 583 1244 612 ma
1260 583 1352 612 non
1368 568 1444 626 gia
1460 583 1539 625 per
1554 569 1692 613 molte
1708 583 1824 626 gen-

199 649 402 694 tildonne
423 656 668 706 attempate
688 663 714 692 e
735 647 824 691 mal
845 645 1220 703 complessionate
1240 660 1319 702 per
1340 646 1384 688 la
1398 644 1611 689 distantia
1627 646 1684 690 de
1700 646 1826 690 l’una

195 734 245 773 et
272 727 422 770 l'altra
452 725 634 770 chiesia.
662 726 720 768 Et
746 725 888 768 molto
919 725 1112 768 mancho
1139 737 1284 766 sonno
1311 737 1392 780 per
1419 721 1592 766 andarli
1619 722 1662 766 le
1689 722 1827 766 molte

199 803 351 848 nobile
373 803 579 847 donzelle
599 817 679 859 per
699 803 742 847 le
763 815 916 858 spesse
938 815 1020 844 sue
1040 799 1315 844 confessioni
1336 806 1383 843 et
1410 800 1646 855 frequente
1664 813 1826 843 comu-

197 881 323 925 nioni
357 882 440 924 che
471 881 624 923 fanno:
658 894 751 923 non
781 877 1039 922 mancheria
1074 876 1282 921 matteria
1311 876 1387 920 alli
1415 876 1604 933 maligni
1636 877 1693 921 de
1729 875 1825 920 dire

196 958 348 1014 quello
370 957 435 1014 gli
456 970 652 1014 paresse.
680 958 767 1000 Per
789 962 914 998 tanto
937 953 1141 1010 supplico
1171 955 1228 997 V.
1260 955 1314 997 R.
1346 953 1394 996 in
1421 968 1555 997 nome
1582 954 1640 998 de
1668 952 1775 996 tutti
1795 952 1826 996 li

197 1034 302 1079 miei
323 1033 581 1091 parochiani
602 1032 730 1090 uogli
749 1046 828 1089 per
849 1032 1010 1075 l'amor
1030 1031 1087 1074 de
1107 1030 1195 1074 Dio
1217 1030 1327 1074 sarci
1347 1030 1559 1088 gratia'di
1574 1030 1734 1075 lasarci
1756 1031 1823 1073 al-

198 1113 391 1155 mancho
412 1111 490 1154 dui
511 1109 747 1154 sacerdoti.
772 1110 833 1153 Al
849 1116 1059 1165 presente
1080 1122 1133 1152 ce
1153 1108 1362 1152 habiamo
1384 1109 1527 1165 (corne
1548 1107 1642 1151 scia
1664 1109 1722 1151 V.
1749 1107 1822 1164 R.)

198 1190 264 1232 M.
290 1189 380 1231 don
402 1186 665 1244 Augustino
690 1187 720 1239 ¹,
744 1185 789 1229 di
810 1186 902 1228 bon
918 1187 1006 1238 eta,
1027 1186 1162 1228 homo
1177 1185 1235 1228 da
1251 1185 1384 1238 bene,
1403 1184 1595 1241 prouido
1609 1199 1635 1228 e
1651 1184 1823 1227 discre-

201 1271 261 1317 to,
287 1271 333 1309 et
355 1271 504 1308 amato
525 1264 582 1306 da
604 1261 726 1306 tutti:
750 1260 945 1306 basteria
966 1275 1028 1304 un
1049 1262 1163 1304 altro
1184 1275 1270 1304 con
1291 1261 1370 1314 lui,
1396 1267 1441 1306 et
1461 1260 1540 1304 dui
1567 1262 1652 1306 che
1672 1260 1704 1304 li
1725 1275 1823 1305 ser-

201 1341 388 1385 uissero.
414 1340 617 1384 Essendo
638 1339 681 1384 la
702 1337 927 1396 peticione
949 1344 1105 1381 nostra
1133 1337 1286 1394 giusta
1311 1344 1357 1382 et
1384 1339 1590 1391 honesta,
1617 1351 1823 1394 speremo

196 1418 389 1474 risposta
410 1424 539 1474 grata
560 1417 617 1460 da
638 1417 696 1460 V.
722 1417 796 1469 R.;
821 1421 868 1460 et
888 1415 973 1458 alle
994 1428 1076 1458 sue
1095 1413 1240 1471 ignite
1257 1414 1451 1458 orationi
1467 1414 1763 1458 humilmente
1780 1413 1823 1457 ci

198 1494 563 1546 ricomandiamo,
588 1493 821 1550 pregando
842 1491 931 1536 Dio
951 1492 995 1534 la
1015 1491 1178 1549 guardi
1199 1492 1257 1534 da
1278 1491 1386 1547 ogni
1403 1491 1534 1543 male,
1553 1498 1599 1535 et
1615 1506 1641 1535 a
1656 1491 1732 1535 noi
1749 1490 1824 1534 dia

196 1571 344 1628 gratia
365 1571 411 1614 di
432 1572 521 1614 ben
542 1570 745 1614 seruirlo.
776 1569 836 1613 Di
858 1569 1063 1626 Bologna
1084 1568 1158 1612 alli
1178 1583 1207 1611 v
1228 1569 1286 1613 de
1301 1567 1465 1625 Luglio
1484 1582 1534 1611 M.
1554 1582 1600 1612 D.
1622 1583 1666 1613 L.
1687 1582 1731 1612 v.
1752 1569 1823 1612 De

196 1650 254 1693 V.
281 1650 334 1692 R.
360 1647 502 1692 humil
524 1647 757 1700 seruitore,

408 1726 669 1769 GIROLAMO
690 1724 953 1778 CASALINO,
972 1729 1140 1767 rettore
1155 1721 1388 1781 indeg[n]o
1404 1723 1450 1766 di
1471 1730 1602 1768 santa
1624 1722 1765 1767 Lucia
1785 1723 1818 1766 ².

286 1803 544 1859 Inscriptio:
570 1802 631 1845 Al
651 1801 792 1845 molto
814 1801 929 1844 Rdo.
956 1802 1019 1845 M.
1051 1799 1246 1856 Ignatio,
1271 1807 1439 1844 rettore
1465 1801 1677 1858 generale
1705 1800 1823 1844 della

199 1878 482 1936 Compagnia
498 1879 554 1922 de
570 1878 713 1922 Giesu
729 1877 1031 1930 meritissimo,
1046 1891 1130 1921 suo
1146 1878 1203 1920 da
1221 1877 1367 1920 Padre
1383 1877 1429 1920 in
1447 1877 1630 1922 Christo
1646 1891 1823 1934 sempre

198 1956 479 1999 honorando.
506 1956 556 1998 In
578 1956 735 1998 Roma.
761 1954 868 1998 Alia
889 1968 1047 1998 manu:
1073 1955 1168 1997 R.ta
1189 1969 1215 1997 a
1242 1964 1291 2008 15
1314 1954 1389 1999 del
1409 1954 1670 1999 medesimo.

268 2084 280 2105 ¹
330 2082 374 2117 P.
391 2079 636 2127 Augustinus
653 2079 702 2115 de
720 2078 833 2115 Riva.
853 2080 1070 2122 POLANCO‚
1089 2084 1120 2114 t.
1145 2087 1186 2126 v,
1205 2090 1293 2126 pag.
1317 2079 1397 2124 126,
1415 2091 1454 2124 n,
1473 2077 1643 2125 354·356.

265 2144 280 2163 2
331 2142 391 2176 De
415 2145 573 2175 auctore
601 2144 718 2186 atque
741 2143 970 2185 argumento
993 2137 1108 2184 hujus
1133 2138 1321 2185 epistolae
1343 2139 1439 2174 haec
1463 2138 1580 2174 tradit
1603 2138 1820 2182 POLANCO‚

198 2201 227 2235 l.
248 2212 295 2242 c.‚
315 2211 403 2247 pag.
427 2207 506 2244 127,
534 2211 573 2234 n.
598 2196 770 2243 358-360:
797 2197 947 2244 «Hujus
970 2197 1061 2233 anni
1083 2196 1194 2233 initio
1219 2198 1322 2234 serio
1344 2203 1474 2234 actum
1498 2203 1559 2234 est
1581 2197 1630 2233 de
1653 2194 1822 2242 Collegii

198 2258 428 2305 migratione
447 2258 486 2293 in
504 2257 709 2293 ecclesiam
727 2256 861 2293 Sancti
879 2256 1077 2292 Andreae.
1106 2257 1252 2292 Romae
1270 2257 1416 2293 etenim
1434 2257 1525 2293 unio
1542 2255 1658 2303 hujus
1676 2254 1821 2291 benefi-

196 2318 248 2354 cii
267 2317 307 2353 in
324 2329 437 2353 usum
455 2316 621 2362 Collegii
638 2328 661 2352 3
686 2315 783 2361 Iulio
799 2317 857 2352 III
874 2327 1060 2352 concessa
1077 2316 1194 2352 fuit...
1221 2322 1261 2352 et
1276 2317 1466 2363 agebatur
1488 2316 1536 2352 de
1566 2313 1820 2362 expediendis

199 2377 340 2413 litteris
365 2376 600 2423 Apostolicis
621 2402 645 2411 ..
672 2376 732 2411 De
756 2377 842 2411 loco
864 2380 1010 2422 autem,
1034 2375 1073 2411 in
1098 2387 1174 2423 quo
1197 2376 1319 2412 nostri
1344 2380 1467 2421 erant,
1486 2385 1605 2422 prope
1632 2374 1820 2420 templum

200 2436 310 2472 Stae.
334 2436 492 2480 Luciae,
510 2435 665 2470 omnino
688 2434 942 2482 relinquendo
965 2436 1168 2481 agebatur3
1187 2435 1364 2482 quamvis
1391 2447 1440 2470 ex
1465 2434 1599 2470 amicis
1617 2432 1750 2480 aliqui,
1777 2437 1821 2468 ut

201 2496 253 2530 D.
278 2494 541 2541 Hieronymus
558 2493 776 2539 Casalinus,
796 2493 987 2529 ecclesiae
1004 2493 1111 2530 Stae.
1139 2494 1282 2530 Luciae
1308 2495 1465 2539 Rector,
1491 2498 1531 2528 et
1556 2492 1712 2528 domina
1729 2491 1821 2527 Vio-

198 2555 303 2590 lante
323 2553 558 2596 Gozzadina,
577 2564 621 2588 ac
634 2552 788 2588 domina
801 2552 1009 2599 Margarita
1023 2553 1127 2589 Gilia
1140 2559 1180 2589 et
1194 2552 1416 2598 Fantuccia,
1433 2551 1573 2588 litteris
1587 2551 1636 2587 ad
1648 2552 1693 2587 P.
1708 2551 1821 2597 Igna-

196 2613 293 2648 tium
312 2612 480 2659 scriptis,
499 2611 613 2647 enixe
630 2612 820 2657 rogabant
834 2617 877 2647 ut
895 2612 1033 2647 saltem
1047 2612 1144 2648 duos
1159 2624 1208 2648 ex
1221 2612 1365 2648 nostris
1379 2611 1525 2648 ibidem
1538 2610 1817 2658 relinquerent,

194 2671 300 2723 quod
318 2675 448 2706 tamen
467 2670 572 2706 factu
596 2669 753 2706 difficile
779 2669 999 2717 videbatur,
1026 2676 1108 2706 tum
1133 2676 1290 2718 propter
1317 2670 1575 2718 operariorum
1601 2669 1818 2716 penuriam,

194 2737 278 2766 tum
295 2735 451 2777 propter
469 2729 563 2765 alias
581 2740 765 2764 causas...
784 2728 945 2764 Interim
963 2729 1123 2765 moritur
1138 2730 1243 2777 Papa
1260 2730 1389 2777 Julius
1407 2730 1478 2774 ΙΙΙ,
1498 2735 1704 2776 antequam
1729 2728 1821 2764 unio

195 2789 263 2824 illa
281 2788 464 2824 effectum
482 2788 698 2833 sortiretur,
717 2792 758 2822 et
781 2788 901 2823 nostri
925 2788 973 2823 ad
997 2788 1182 2824 Sanctum
1202 2789 1398 2825 Andream
1428 2788 1655 2834 migrarent.
1687 2787 1820 2834 Aliqui

195 2848 352 2884 interim
370 2848 565 2883 facessere
584 2846 783 2892 negotium
802 2847 944 2882 nostris
962 2853 1188 2894 coeperunt3
1208 2853 1308 2890 et...‚
1335 2860 1384 2884 ne
1402 2847 1536 2884 litibus
1561 2846 1819 2883 interminatis

197 2907 412 2943 vacandum
430 2912 549 2952 esset,
568 2906 581 2952 [
585 2905 802 2952 judicatum
820 2906 902 2952 est]
921 2905 1063 2942 omissa
1081 2907 1309 2944 tractatione
1329 2907 1402 2943 Sti.
1423 2906 1618 2953 Andreae,
1638 2912 1680 2942 ut
1697 2906 1819 2942 nostri

193 2966 298 3014 apud
315 2965 496 3002 Sanctam
515 2964 673 3001 Luciam
691 2970 932 3001 manerent».
