2034 3476
688 265 735 303 29
759 256 1023 293 Smnussms
1051 264 1142 302 1554
1613 255 1685 303 365

852 534 970 577 86¹2

630 637 977 678 OCTAVIANUS
1004 637 1209 675 CESARE

471 724 661 767 PATRI
692 722 955 767 IGNATIO
986 723 1070 766 DE
1100 721 1362 766 LOYOLA

543 825 748 855 PANORMO
773 825 820 863 29
844 824 1104 853 SEPTEMBRIS
1132 823 1224 861 1554
1250 817 1280 851 ¹.

105 902 298 938 Accurata
314 900 482 937 narratio
498 912 628 936 rerum
646 900 695 936 ad
712 900 958 936 vocationem
983 911 1093 935 suam
1119 899 1393 946 spectantium.
1405 898 1575 935 -Sentit
1600 910 1623 934 a
1648 899 1738 935 Deo

174 961 224 997 ad
241 961 477 998 Societatem
496 972 539 996 se
557 960 705 996 vocari.
718 960 858 996 —Rem
874 971 964 995 cum
981 959 1056 1006 piis
1079 958 1174 994 viris
1197 957 1602 995 confert.-Parentes
1619 958 1736 995 minis

175 1032 220 1057 ac
238 1020 438 1057 blanditiis
455 1025 645 1056 conantur
661 1019 770 1055 illum
787 1031 810 1055 a
831 1019 1027 1055 sententia
1049 1017 1443 1063 dimovere.—Socii‚
1468 1018 1554 1054 sine
1576 1018 1688 1066 copia
1713 1029 1738 1054 a

176 1081 403 1128 parentibus
419 1078 537 1125 facta,
555 1080 693 1115 nolunt
706 1090 795 1114 eum
812 1078 914 1114 inter
931 1089 1088 1114 suorum
1102 1089 1305 1113 numerum
1318 1077 1735 1113 adscribere.—Prima

176 1139 294 1186 fugae
311 1137 812 1175 tentamina.-Revocatur
834 1137 883 1173 ad
906 1143 1107 1185 paternam
1130 1137 1473 1174 domum.—Clam
1497 1136 1629 1172 navim
1645 1147 1741 1173 con-

178 1192 343 1245 scendit,
362 1197 527 1245 Neapoli
541 1197 582 1233 in
599 1197 772 1233 Siciliam
790 1198 1024 1243 solventem,
1040 1196 1220 1232 omnibus
1238 1208 1352 1232 suum
1370 1196 1612 1243 propositum
1629 1195 1742 1242 igno-

178 1258 603 1302 rantibus.—-Demum,
617 1261 661 1292 ut
674 1255 900 1292 admittatur
913 1255 954 1292 in
970 1255 1222 1300 Societatem,
1238 1254 1743 1303 efflagitat.-Parentibus,

178 1317 305 1364 ipsum
318 1315 604 1363 repetentibus,
618 1315 750 1351 renuit
763 1325 908 1350 morem
921 1314 1292 1360 gerere—Causam
1307 1325 1417 1350 suam
1430 1325 1560 1349 coram
1575 1325 1744 1360 proi-ege

178 1381 346 1423 perorat,
364 1380 404 1411 et
417 1379 568 1422 patrem
581 1374 806 1421 eloquentia
819 1385 889 1409 sua
901 1373 1042 1409 flectit.
1052 1374 1194 1408 -Post
1207 1373 1363 1420 aliquod
1377 1374 1554 1420 elapsum
1571 1378 1741 1420 tempus,

178 1435 404 1483 parentibus
422 1434 532 1470 illum
550 1433 755 1480 Neapolim
773 1432 1044 1479 evocantibus,
1063 1432 1190 1479 poscit
1207 1433 1256 1468 ab
1274 1432 1427 1479 Ignatio
1452 1437 1495 1468 ut
1519 1432 1559 1469 in
1582 1432 1743 1469 dissitas

180 1502 317 1539 terras,
335 1495 451 1540 longe
469 1494 519 1529 ab
537 1493 628 1538 illis,
649 1493 843 1529 mittatur.

910 1576 939 1634 †

175 1691 185 1693 ·
200 1674 296 1716 Pax
331 1671 516 1716 Christi.
557 1672 699 1716 Molto
734 1673 850 1716 Rdo.
890 1671 937 1715 in
969 1670 1152 1716 Christo
1184 1671 1347 1716 Padre.
1383 1671 1558 1716 Perche
1585 1685 1743 1728 spesse

111 1750 234 1794 uolte
255 1748 398 1806 hoggi
426 1748 574 1806 giomi
602 1749 646 1793 13
674 1748 820 1794 uerita
847 1748 975 1792 suole
1002 1762 1126 1792 esser
1152 1749 1379 1792 occultata
1400 1754 1520 1791 sotto
1548 1748 1743 1804 qualche

108 1827 281 1870 nubula
299 1826 345 1870 di
366 1826 537 1879 saisita,
568 1840 596 1869 ο
624 1839 733 1870 uero
755 1825 800 1868 di
827 1825 1010 1869 sinistra
1037 1824 1376 1878 informatione,
1401 1832 1447 1869 et
1477 1840 1558 1882 per
1580 1831 1744 1880 questo

108 1905 306 1947 anchora
328 1917 482 1960 spesse
505 1903 629 1947 uolte
650 1902 688 1946 si
721 1903 859 1947 fanno
887 1902 1034 1959 iuditij
1066 1902 1313 1959 temerarij,
1338 1909 1384 1946 et
1406 1903 1674 1946 altramente
1701 1901 1739 1944 si

106 1979 257 2024 iudica
277 1980 440 2023 alcuna
460 1994 582 2032 cosa,
607 1980 693 2024 che
714 1980 759 2023 la
782 1979 926 2024 uerita
954 1979 1187 2033 rechiede‚
1216 1994 1297 2036 per
1318 1985 1505 2036 questo,
1531 1977 1744 2023 accioche

109 2057 257 2112 quella
277 2056 344 2100 sia
364 2072 391 2100 a
413 2055 519 2099 tutti
540 2055 800 2111 manifesta,
824 2064 871 2101 et
892 2071 972 2114 per
999 2056 1216 2101 sodisfare
1243 2071 1270 2100 a
1298 2055 1435 2112 quelli
1463 2057 1548 2100 che
1576 2057 1742 2100 haues-

109 2148 219 2178 seno
239 2135 413 2176 hauuto
434 2132 615 2177 sinistra
635 2132 953 2178 informatione
973 2133 1019 2176 di
1041 2148 1129 2186 me,
1149 2139 1196 2178 et
1216 2134 1414 2177 secondo
1428 2133 1579 2189 quella
1594 2134 1743 2176 ancho

110 2210 379 2254 malamente
406 2212 651 2255 hauessero
678 2210 892 2264 iudicato,
917 2210 980 2253 mi
1005 2212 1064 2255 ha
1090 2225 1224 2267 parso
1251 2225 1332 2267 per
1359 2217 1520 2266 questa
1547 2209 1739 2252 manife-

110 2286 235 2331 starli
262 2287 306 2331 la
332 2301 446 2343 pura
473 2293 519 2331 et
545 2286 759 2344 semplice
787 2287 932 2332 uerita
952 2287 1026 2331 del
1047 2286 1270 2344 principio
1292 2294 1339 2331 et
1359 2301 1600 2344 progresso
1621 2286 1740 2330 della

111 2363 202 2406 mia
224 2362 478 2416 uocatione,
503 2378 634 2408 come
649 2363 822 2421 figliolo
838 2363 1166 2421 indegnissimo
1188 2370 1234 2408 et
1250 2363 1296 2406 in
1315 2370 1434 2407 tutto
1449 2362 1739 2406 inutilissimo

112 2439 158 2483 di
179 2455 262 2485 sua
284 2438 405 2493 Ρ.ῒὲ,
432 2441 581 2485 Padre
601 2440 692 2484 mio
712 2440 1123 2484 obseruandissimo
1139 2441 1214 2485 nel
1231 2440 1398 2498 Signor
1414 2447 1585 2484 nostro.
1612 2440 1669 2482 Et
1690 2438 1736 2480 in

111 2523 272 2572 questo
291 2517 562 2561 bastarebbe
582 2516 613 2560 il
634 2516 725 2560 mio
746 2516 926 2573 proprio
948 2517 1229 2571 testimonio;
1255 2532 1340 2574 pur
1361 2532 1441 2574 per
1462 2516 1540 2574 piu
1561 2522 1738 2560 certeza

111 2593 233 2649 degl'
258 2593 375 2647 altri,
399 2593 415 2635 i
436 2593 558 2649 quali
579 2608 672 2637 non
693 2608 860 2651 posson
887 2609 1043 2651 sapere
1070 2594 1102 2637 il
1128 2601 1283 2638 nostro
1304 2593 1542 2646 interiore,
1573 2592 1741 2635 inuoco

110 2675 155 2713 et
177 2668 354 2713 chiamo
375 2669 421 2713 in
444 2669 536 2714 mio
558 2669 816 2715 testimonio
837 2670 868 2714 il
891 2671 1039 2715 Padre
1061 2677 1234 2726 eterno,
1259 2677 1416 2715 autore
1438 2670 1555 2713 della
1578 2668 1738 2720 uerita,

184 2819 195 2838 ¹
245 2816 304 2852 Ex
321 2816 500 2863 originali
517 2818 581 2854 vel
607 2822 851 2866 transumpto
877 2829 1037 2865 coaevo,
1061 2819 1223 2854 Romam
1250 2818 1385 2865 misso,
1410 2818 1450 2853 in
1474 2818 1550 2852 vol.
1578 2817 1623 2862 E,
1650 2827 1743 2862 qua-

111 2875 276 2923 druplici
298 2875 406 2922 folio,
431 2887 470 2912 n.
495 2876 555 2923 89,
581 2876 688 2923 prius
708 2876 1005 2923 179-181.-Est
1030 2877 1135 2914 aliud
1162 2879 1384 2925 exemplum
1412 2876 1451 2912 in
1478 2875 1616 2911 eodem
1643 2875 1740 2920 vol.‚

111 2934 354 2983 quadruplici
371 2934 488 2971 etiam
510 2934 618 2982 folio,
643 2947 687 2971 n.
710 2946 770 2982 90,
788 2936 895 2983 prius
915 2936 1082 2982 182-184,
1101 2937 1204 2984 quod
1222 2948 1244 2972 a
1270 2942 1416 2980 nostro,
1443 2934 1546 2982 quod
1573 2933 1740 2977 edimus,

113 3005 190 3030 non
213 2994 355 3038 differt,
389 2994 465 3029 nisi
494 2994 534 3030 in
563 2993 794 3041 quibusdam
823 2995 967 3031 nullius
998 2997 1202 3031 momenti.
1234 2995 1296 3031 Ad
1326 2999 1597 3042 argumentum
1621 2993 1737 3039 hujus

115 3052 303 3100 epistolae
320 3052 541 3088 referuntur
555 3063 639 3097 eae,
653 3063 750 3100 quas
764 3064 898 3100 super.
918 3053 1116 3089 volumine
1130 3053 1337 3100 edidimus,
1352 3064 1440 3100 pag.
1456 3060 1540 3098 241,
1555 3061 1639 3098 400,
1652 3050 1737 3096 489.
