2054 3496
824 269 848 304 9
872 259 1080 305 JANUARn
1115 266 1208 303 1554
1734 269 1781 305 29

177 365 294 408 mico
315 365 372 409 de
391 362 579 409 heretici
605 369 652 406 et
674 362 817 414 dotto;
842 374 868 403 e
890 360 1040 416 quello
1070 373 1220 403 uenne
1251 375 1277 403 a
1306 368 1451 403 tormo
1480 375 1507 404 a
1527 361 1733 412 Commo,
1764 372 1809 406 et

178 457 270 486 uno
292 442 405 486 altro
426 448 497 485 sta
526 441 698 483 inseme
724 453 808 482 con
838 438 916 494 mj,
947 444 994 481 et
1023 444 1184 494 questo
1212 451 1418 494 gouerna
1446 437 1510 494 gli
1541 437 1657 480 altri.
1685 437 1814 481 Tutti

152 529 154 531 ’
178 534 252 563 1116
273 520 452 564 116(16110
476 516 724 562 uolentiera
751 529 832 572 per
862 514 1011 572 gratia
1040 515 1098 559 de
1118 514 1223 558 Dio.
1255 514 1333 558 Gli
1361 515 1464 557 frati
1491 517 1575 558 che
1608 529 1692 558 son
1719 515 1813 571 qui,

180 611 325 641 sonno
346 595 484 652 quelli
506 597 591 638 che
611 608 764 638 uanno
786 592 1060 649 publicando
1083 598 1210 635 tanto
1231 593 1275 635 13
1292 592 1412 635 fama
1426 599 1601 645 nostra,
1621 594 1707 637 che
1723 591 1823 636 sine

180 690 207 718 a
228 673 365 731 quelli
386 672 743 730 che-litigauano
763 684 850 713 con
871 670 915 713 la
935 668 1230 719 communita,
1255 684 1305 713 se
1327 683 1653 712 commenzano
1678 684 1705 713 a
1726 670 1825 726 pla—

180 766 299 804 care,
325 751 519 794 maxime
541 763 675 794 uerso
695 749 753 792 de
774 747 851 790 mi.
876 748 924 790 Io
945 746 1007 788 mi
1029 761 1113 790 son
1141 746 1420 791 demostrato
1453 753 1580 790 tanto
1601 753 1749 803 grato,
1776 755 1823 791 et

149 813 155 819 ¹
177 843 398 872 concesso
418 834 539 871 tutto
562 826 713 883 quello
734 826 818 868 6116
839 824 1141 876 domandano,
1166 838 1280 880 pure
1296 823 1390 867 5613
1408 823 1519 868 utile
1535 839 1615 880 per
1635 823 1822 881 lanime.

176 907 212 950 11
233 907 278 950 di
299 907 417 950 della
439 903 679 961 epiphania
699 901 906 959 baptezai
929 916 1020 945 una
1035 908 1166 957 putta
1187 901 1244 945 de
1266 915 1358 944 uno
1379 901 1622 945 contrario.
1644 902 1710 944 La
1731 916 1816 944 uo-

176 986 280 1028 leua
300 983 530 1040 baptizare
551 982 598 1024 in
620 995 741 1034 casa,
766 994 792 1022 6
809 987 972 1035 questo
993 993 1074 1035 per
1094 993 1188 1021 non
1207 977 1364 1022 uenire
1380 979 1466 1021 alla
1482 978 1627 1035 giesia
1643 986 1813 1031 nostra3

177 1077 251 1104 ma
272 1076 352 1117 per
372 1074 500 1102 mezo
517 1059 575 1103 de
596 1057 746 1113 questi
769 1056 871 1100 frati
898 1056 941 1099 13
963 1056 1130 1098 mando
1152 1056 1240 1098 alla
1261 1055 1421 1112 giesia.
1448 1057 1514 1099 La
1536 1057 1591 1099 R.
1619 1058 1696 1108 V.,
1722 1071 1770 1099 56
1791 1071 1818 1099 3

179 1139 332 1194 quella
351 1137 546 1194 piacera,
570 1137 700 1192 potra
722 1134 985 1177 mandarme
1015 1134 1059 1177 16
1080 1147 1201 1177 110116
1222 1133 1278 1176 (16
1300 1132 1427 1176 India
1454 1140 1500 1176 et
1527 1134 1601 1177 del
1622 1134 1740 1182 duca
1762 1134 1820 1176 de

179 1214 363 1260 Gandia
389 1216 400 1236 ¹
421 1220 467 1257 et
488 1213 547 1256 (16
568 1213 769 1268 Spagna.
795 1209 998 1266 Bisogna
1018 1211 1104 1253 che
1125 1210 1168 1253 la
1190 1211 1243 1253 R.
1269 1210 1327 1253 V.
1354 1224 1427 1252 me
1454 1209 1566 1253 aiuti
1596 1224 1678 1267 per
1709 1210 1818 1267 ogni

180 1292 271 1345 uia,
296 1291 421 1336 accio
443 1305 493 1334 56
514 1289 631 1332 facia
651 1289 772 1331 fruto
793 1287 841 1330 in
863 1297 1024 1342 questa
1047 1287 1180 1331 ualle.

268 1369 465 1426 Quando
485 1369 530 1411 13
550 1368 604 1410 R.
631 1367 690 1410 V.
718 1365 812 1409 fara
832 1364 1047 1416 scriuere‚
1073 1366 1203 1420 potra
1224 1365 1440 1407 mandare
1461 1365 1504 1409 16
1526 1364 1676 1408 littere
1704 1380 1731 1408 a
1754 1367 1818 1408 M.

179 1447 322 1491 Paulo
339 1447 397 1489 da
413 1446 619 1496 Commo,
639 1443 737 1487 6106
751 1458 777 1486 3
793 1442 944 1498 quello
965 1444 1051 1486 che
1070 1443 1130 1485 113
1146 1441 1385 1484 sollicitato
1402 1441 1433 1483 il
1451 1442 1590 1485 breue
1607 1457 1687 1498 per
1704 1442 1766 1485 mi
1783 1443 1818 1496 ²3

178 1531 224 1569 et
245 1538 327 1567 sua
348 1522 549 1580 signoria
570 1522 614 1566 16
634 1520 850 1564 mandata
866 1534 892 1563 3
914 1519 1010 1575 1111]”;
1031 1519 1125 1562 6051
1142 1518 1361 1561 uenirano
1378 1526 1530 1574 presto
1547 1534 1574 1562 3
1594 1519 1689 1575 nuj.
1712 1520 1818 1563 Non

178 1603 308 1651 altro,
340 1601 570 1645 senonche
598 1598 644 1642 di
680 1597 898 1642 continuo
926 1611 998 1640 me
1035 1595 1323 1640 riccomando
1361 1596 1448 1640 3116
1476 1596 1669 1640 orationi
1705 1597 1822 1640 della

178 1681 234 1730 R.
260 1680 318 1723 V.
344 1685 390 1726 et
410 1679 467 1721 (16
489 1676 596 1720 tutti
617 1675 662 1719 di
684 1690 805 1719 casa.
840 1677 910 1718 De
934 1674 1186 1730 Morbegno
1208 1673 1267 1716 ali
1289 1688 1318 1731 9
1345 1674 1419 1716 del
1446 1680 1657 1730 presente
1691 1684 1740 1728 15
1747 1684 1770 1728 5
1778 1687 1820 1728 3.

180 1757 215 1799 n
236 1763 390 1800 vostro
411 1769 545 1798 seruo
566 1761 613 1796 et
633 1752 807 1810 figliolo
827 1751 1045 1808 indegno,

559 1864 562 1868 .
959 1829 1166 1872 ANDREA
1193 1828 1578 1872 GUALUANELLO.

196 1921 199 1923 ’
270 1910 529 1966 Inscriptio:
555 1909 615 1952 Al
651 1908 791 1951 molto
817 1905 928 1949 R.d0
962 1906 1126 1958 Padre,
1159 1905 1190 1948 il
1220 1907 1273 1948 Ρ.
1315 1907 1378 1949 Μ.
1410 1905 1590 1962 Ignatio
1627 1906 1816 1962 Loyola,

179 1987 406 2044 preposito
426 1987 640 2044 generale
660 1985 778 2028 della
799 1982 1084 2040 Compagnia
1105 1983 1163 2026 de
1179 1984 1307 2040 Jesfl.
1334 1984 1384 2026 In
1407 1984 1567 2026 Roma.

250 2127 259 2146 ¹
310 2123 492 2170 Intellige
504 2120 640 2158 ‘Stum.
666 2121 916 2157 Franciscum
934 2119 1132 2166 Borgiam‚
1151 2130 1268 2166 quem
1287 2120 1459 2166 appellat
1476 2119 1633 2165 ducem,
1651 2120 1727 2155 etsi
1737 2119 1819 2166 jam

174 2179 324 2230 pridem
340 2185 466 2228 (1551)
483 2195 526 2218 se
544 2182 762 2230 principatu
780 2180 997 2216 abdicarat.
1017 2178 1121 2226 Quia
1139 2190 1233 2214 vero
1246 2179 1518 2214 sanctissimus
1536 2179 1602 2215 ille
1622 2179 1681 2215 vir
1695 2191 1820 2227 nuper

174 2242 215 2278 in
232 2243 510 2289 Portugalliam
528 2242 691 2288 adierat,
716 2246 756 2276 et
773 2240 822 2276 de
840 2239 926 2286 ejus
946 2251 1034 2275 cum
1057 2240 1218 2285 regibus
1242 2238 1421 2274 lusitanis
1449 2250 1664 2285 congressu
1687 2250 1819 2274 rumor

176 2302 278 2338 inter
294 2302 436 2348 socios,
455 2308 498 2338 ut
515 2303 629 2347 solet,
648 2301 940 2349 percrebuerat,
958 2298 1228 2334 existimamus
1246 2298 1383 2334 nuntia
1406 2298 1455 2334 de
1480 2299 1553 2334 hac
1569 2311 1612 2334 re
1636 2310 1658 2333 a
1676 2299 1818 2334 Galva—

177 2363 281 2397 nello
299 2362 472 2409 exposci.
490 2362 540 2397 Et
557 2361 715 2408 quidem
733 2361 773 2396 in
790 2359 956 2407 epistola
973 2358 1101 2394 Patris
1118 2357 1259 2403 Miron,
1288 2366 1331 2393 10
1349 2356 1535 2395 Octobris
1563 2358 1668 2404 1553,
1686 2369 1817 2405 quam,

177 2420 370 2456 latinitate
387 2421 583 2464 donatam,
603 2421 796 2456 Polancus
814 2418 862 2454 ad
879 2418 1055 2454 diversas
1074 2416 1283 2452 Societatis
1304 2417 1525 2464 provincias
1550 2418 1671 2463 misit,
1697 2419 1817 2452 multa

178 2480 227 2516 de
257 2481 463 2516 Francisco
492 2480 649 2527 Borgia,
679 2478 958 2525 Portugalliam
989 2478 1264 2525 perlustrante,
1295 2476 1493 2523 dicuntur,
1524 2477 1605 2513 Litt
1630 2478 1816 2522 Quadra,

179 2545 208 2575 t.
227 2549 270 2585 n,
289 2551 379 2587 pag.
405 2540 580 2586 458-464.

248 2603 263 2622 ²
313 2600 440 2636 Breve
457 2611 510 2637 sc.
533 2599 728 2647 pontificis
752 2603 795 2634 ut
824 2596 1018 2633 Morbenii
1048 2597 1304 2633 Galvanellus
1335 2596 1403 2632 diu
1431 2596 1603 2631 sisteret.
1630 2596 1710 2631 «Di
1728 2596 1816 2631 Don

178 2659 334 2697 Andrea
352 2660 583 2696 Galvanello
601 2659 727 2707 potria
744 2669 876 2694 essere
894 2658 967 2693 che
985 2655 1211 2703 indugiasse
1235 2668 1257 2691 a
1282 2656 1418 2692 venire
1430 2685 1439 2703 ‚
1464 2656 1606 2703 perche
1631 2655 1824 2691 temiamo

174 2719 247 2754 che
271 2718 299 2754 li
322 2719 379 2755 sia
406 2719 589 2755 mandato
618 2720 699 2754 un'¹
715 2719 815 2754 altro
843 2718 964 2753 breve
994 2715 1057 2752 del
1087 2716 1192 2763 Papa
1217 2727 1287 2762 per
1309 2715 1525 2750 fermarsi.»
1550 2715 1742 2749 Polancus
1766 2725 1815 2749 ex

172 2789 313 2814 comm.
338 2779 444 2814 Patri
468 2778 628 2815 Caesari
650 2777 796 2813 Helmi.
821 2777 1047 2822 POLANCO‚
1072 2781 1101 2811 t.
1126 2785 1189 2822 111,
1215 2786 1304 2822 pag.
1337 2774 1424 2821 130,
1449 2787 1488 2810 n.
1516 2782 1599 2819 257,
1623 2779 1757 2809 annot.
1783 2782 1813 2808 1.
