2046 3490
751 309 796 338 22
820 301 977 337 MARTn
1005 307 1097 346 1554
1629 307 1691 335 121

107 406 167 458 lo,
191 404 235 447 la
255 402 558 448 celebratione
579 417 659 459 per
682 401 713 445 li
739 400 946 458 apostoli,
966 401 1009 444 la
1033 399 1398 457 frequentatione
1419 415 1498 457 per
1518 400 1549 443 li
1571 400 1741 457 xpiani.

111 481 228 525 nella
250 479 477 537 primitiua
499 478 682 532 chiesia,
707 480 752 522 la
774 477 1014 530 necessita,
1041 484 1087 520 et
1106 476 1267 520 vtilita.

200 559 349 601 Erano
372 569 426 600 22
449 558 577 610 hore,
602 563 647 600 et
674 555 825 613 percio
847 557 910 600 M.
937 554 1215 599 Alessandro
1238 555 1363 598 volse
1383 556 1469 598 che
1505 554 1685 599 andassi
1718 570 1746 598 a

112 637 195 678 far’
219 633 460 681 collatione
481 647 621 677 overo
645 633 843 687 disnare,
873 639 920 676 et
947 633 1032 675 che
1061 632 1255 676 domane
1282 633 1330 676 S.
1357 632 1491 675 Ecc.a
1519 646 1591 675 me
1618 632 1746 675 chia-

111 710 265 756 meria.
293 712 351 755 V.
374 712 427 754 P.
447 711 564 755 vede
580 710 610 753 il
629 709 824 767 bisogno
841 709 958 753 delle
975 707 1166 752 orationi
1182 722 1264 753 sue
1281 715 1327 753 et
1341 706 1419 766 [di]
1438 708 1543 751 tutti
1561 709 1591 751 li
1609 708 1747 752 Padri

109 795 156 833 et
189 787 367 833 fratelli.
394 789 541 831 Tanta
563 788 816 845 allegrezza
837 793 906 830 sta
929 785 977 829 in
997 787 1034 829 F
1036 800 1201 838 errara,
1226 786 1311 830 che
1339 785 1434 830 dire
1461 800 1553 829 non
1580 785 1740 842 potria.

112 865 228 910 Vole
264 864 297 907 il
326 864 483 922 signor
516 865 633 908 duca
665 865 750 908 che
781 863 825 907 io
860 864 978 906 vada
1015 877 1171 919 spesso
1202 877 1229 906 a
1257 861 1428 907 vederli
1461 869 1507 906 et
1538 862 1639 905 dirli
1676 863 1746 907 ale

111 942 234 985 volte
257 955 419 993 messa,
445 940 475 983 il
499 943 582 985 che
607 941 718 994 fero,
743 927 890 997 gratia
911 940 954 983 al
974 940 1023 985 S.
1049 941 1108 983 N.
1127 941 1169 998 J.
1192 941 1249 983 X.

204 1018 352 1062 Parlai
373 1019 464 1061 dua
484 1019 608 1062 volte
630 1032 656 1060 a
676 1018 901 1071 madama,
927 1031 1012 1074 pur
1034 1016 1413 1074 piaceuolmente‚
1445 1018 1642 1060 anchora
1661 1018 1748 1060 che

114 1097 163 1140 S.
188 1094 323 1139 Ecc.¹²
340 1096 402 1138 m'
424 1096 620 1139 hauesse
638 1095 954 1138 commandato
975 1095 1060 1138 che
1077 1093 1264 1150 parlassi
1281 1093 1672 1146 sfrontatamente,
1692 1092 1747 1137 sii

113 1172 341 1216 accadeua
356 1178 535 1215 entrare
552 1171 599 1214 in
624 1170 840 1227 disputta.
860 1172 929 1214 La
955 1184 1126 1227 pouera
1141 1171 1292 1214 donna
1313 1185 1405 1214 non
1420 1172 1480 1213 ha
1501 1171 1677 1225 lettere,
1697 1185 1748 1216 se
1819 1198 1822 1201 -

115 1263 207 1292 non
228 1248 412 1292 alchuni
433 1248 552 1291 lochi
574 1247 621 1290 in
643 1249 830 1304 volgare
852 1249 909 1291 de
930 1254 1061 1291 santo
1084 1248 1229 1291 Paulo
1251 1247 1370 1292 male
1390 1247 1540 1301 intesi,
1564 1254 1610 1291 et
1632 1262 1747 1303 puo-

113 1327 199 1370 che
219 1324 406 1378 ciancie,
427 1339 513 1368 con
535 1325 578 1367 le
595 1325 727 1381 quale
749 1324 886 1367 etiam
904 1339 930 1367 a
945 1339 1019 1369 me
1034 1324 1294 1380 predicaua,
1315 1331 1422 1378 ete.;
1443 1339 1517 1367 ma
1533 1323 1598 1381 gli
1620 1331 1748 1367 tron-

112 1416 227 1445 caua
247 1402 290 1445 le
317 1402 469 1458 parole
498 1402 683 1457 quando
710 1415 803 1444 non
831 1400 1071 1444 caminaua
1098 1401 1141 1444 al
1170 1415 1279 1446 vero
1301 1400 1472 1446 lumine
1500 1399 1744 1457 euangelii,

112 1478 301 1523 ridendo
331 1493 417 1522 con
443 1478 502 1523 lei
530 1478 626 1522 cosi
649 1477 1022 1535 piaceuolmente.
1054 1477 1182 1521 Iddio
1213 1478 1256 1521 la
1278 1477 1578 1522 conuertisca:
1611 1478 1749 1521 credo

113 1557 197 1600 che
219 1558 319 1600 sera
339 1556 397 1599 da
420 1556 529 1599 fare.
556 1556 631 1599 Ho
653 1554 788 1599 etiam
810 1555 1068 1599 confessato
1089 1554 1121 1597 il
1143 1554 1300 1612 signor
1322 1556 1380 1598 D.
1406 1554 1578 1611 Aluige
1604 1557 1633 1597 ¹.

201 1633 313 1677 Sera
335 1632 622 1689 aparechiato
644 1634 707 1676 M.
736 1632 950 1676 Adreano
973 1645 1054 1688 per
1075 1632 1243 1676 andare
1265 1631 1312 1674 in
1333 1630 1494 1687 patria,
1520 1631 1685 1687 perche
1702 1630 1750 1673 in

111 1716 184 1756 sta
199 1717 317 1754 terra
342 1724 435 1753 non
456 1713 577 1754 stara
605 1709 694 1753 mai
723 1724 850 1762 sano,
882 1716 929 1754 et
956 1724 1064 1766 pare
1092 1711 1178 1754 che
1204 1709 1243 1753 si
1264 1708 1432 1752 auicini
1459 1709 1503 1753 al
1532 1708 1678 1761 tisico,
1703 1715 1750 1753 et

114 1786 192 1843 piu
212 1794 366 1844 presto
388 1788 413 1830 6
435 1786 619 1843 meglio.

203 1863 279 1907 Ali
303 1875 357 1907 22
380 1864 436 1907 de
459 1865 614 1907 Marzo
639 1873 711 1918 54,
736 1864 793 1907 de
814 1864 850 1907 F
853 1878 1018 1908 errara.
1044 1865 1115 1908 De
1138 1864 1196 1907 V.
1224 1865 1276 1907 P.
1301 1863 1492 1920 figliolo,

1025 1942 1204 1999 JOANNI
1239 1942 1568 1984 PELLETAmo.

202 2017 268 2062 Le
289 2018 446 2062 schole
468 2032 582 2062 sono
603 2024 779 2062 cessate
800 2018 892 2061 fino
914 2018 1064 2074 doppo
1086 2019 1268 2074 pascha.

206 2094 466 2150 Inscripiio:
486 2093 515 2153 †
538 2095 598 2138 Al
621 2095 761 2138 molto
783 2095 898 2138 Rdo.
924 2093 972 2137 in
993 2096 1051 2138 X.
1080 2095 1244 2147 Padre‚
1269 2093 1301 2136 il
1324 2096 1378 2138 P.
1405 2096 1467 2138 M.
1494 2094 1671 2151 Ignatio
1693 2095 1751 2138 de

113 2171 302 2226 Loyola,
327 2171 558 2228 preposito
580 2173 795 2229 generale
816 2173 934 2215 della
952 2171 1239 2229 Compagnia
1261 2173 1318 2216 de
1328 2173 1456 2230 Jesfl,
1482 2186 1508 2215 a
1529 2173 1687 2215 Roma.

187 2320 198 2340 ¹
250 2317 489 2365 Ludovicus‚
506 2318 618 2355 ducis
635 2319 905 2356 filius.--Cum
923 2324 1003 2355 tam
1021 2331 1083 2366 ea,
1100 2331 1201 2366 quae
1218 2319 1268 2355 de
1286 2319 1500 2366 Ludovico,
1518 2331 1634 2367 quam
1651 2331 1751 2367 quae

113 2376 164 2412 de
181 2377 333 2412 Renata
357 2377 523 2413 dicenda
541 2378 653 2414 nobis
673 2384 820 2424 essent,
846 2378 1001 2414 abunde
1027 2378 1067 2414 in
1084 2378 1244 2414 Polanci
1267 2378 1585 2414 annotationibus
1608 2378 1752 2413 dixeri-

114 2448 215 2482 mus,
235 2447 285 2472 ne
302 2438 499 2473 crambem
514 2449 785 2485 recoquamus,
805 2438 992 2473 lectorem
1010 2437 1058 2472 ad
1075 2437 1141 2473 illa
1160 2438 1244 2473 loca
1261 2438 1513 2484 remittimus,
1531 2437 1750 2481 POLANCO,

115 2499 148 2530 t.
172 2503 228 2541 1v‚
247 2507 336 2542 pag.
358 2496 416 2541 56,
436 2506 475 2532 n.
494 2505 556 2543 95,
579 2502 712 2532 annot.
736 2505 768 2541 13
789 2508 882 2543 pag.
905 2496 966 2541 60,
985 2509 1027 2532 n.
1063 2495 1144 2541 1033
1165 2508 1253 2544 pag.
1279 2496 1325 2532 68
1350 2501 1390 2532 et
1414 2508 1540 2544 seqq.‚
1564 2508 1602 2531 n.
1627 2495 1693 2531 123
1711 2501 1751 2531 et

115 2565 236 2602 seqq.
253 2554 354 2590 Heic
371 2559 507 2591 notare
525 2555 693 2592 sufficiat
709 2557 794 2602 has,
813 2561 853 2592 et
873 2561 1084 2603 sequentes
1101 2567 1171 2603 per
1188 2561 1313 2592 totum
1330 2567 1474 2591 annum
1497 2556 1608 2591 datas
1626 2567 1647 2590 a
1666 2555 1751 2590 Pel-

116 2613 254 2649 letario
271 2613 437 2660 litteras,
454 2615 581 2650 lucem
599 2614 738 2657 afferre
757 2620 840 2650 tum
864 2615 1021 2651 Polanci
1041 2615 1251 2660 Chronico,
1276 2619 1358 2650 tum
1376 2614 1588 2660 historicis,
1612 2613 1678 2660 qui
1702 2612 1751 2648 de

114 2672 265 2709 Renata
293 2673 499 2720 scripsere,
530 2674 752 2721 FONTANA,
783 2675 942 2710 Renata
972 2675 1016 2710 di
1040 2674 1233 2716 Francia,
1264 2674 1401 2720 Roma,
1432 2681 1751 2715 MDCCCLxxxix3

114 2731 443 2779 RODOCANACI-n,
463 2733 591 2769 Rende
608 2734 656 2769 de
674 2734 843 2776 France,
863 2733 987 2780 Paris,
1010 2733 1114 2780 1896,
1133 2734 1200 2781 qui
1217 2733 1391 2781 profecto
1406 2732 1552 2780 aliquid
1566 2731 1754 2779 profecis-

112 2796 216 2837 sent,
234 2791 268 2827 si
285 2791 484 2828 Pelletarii
501 2793 686 2840 epistolas
706 2793 885 2829 manibus
904 2798 1143 2829 versassent.
