2060 3432
284 236 355 281 870
765 237 1002 275 Erasi-oran
1034 235 1349 273 Murrius-1038

238 339 383 383 uoltre
403 340 464 382 ho
490 338 647 382 scritto
673 338 722 382 in
751 337 933 391 Sauoia,
964 344 1010 381 et
1039 351 1168 382 come
1199 337 1257 380 in.
1274 337 1419 381 uerita
1447 337 1588 382 siamo
1615 338 1804 396 obligati
1827 347 1877 384 et

236 414 428 459 debitori
461 415 502 459 al
531 415 728 473 Signore
758 421 804 460 et
831 415 918 458 alla
951 413 1235 471 Compagnia
1266 413 1311 457 di
1344 420 1463 458 tutto
1493 415 1643 471 quello
1673 417 1759 461 che
1790 418 1872 460 ha-

236 507 385 537 uemo.
413 492 661 537 Potendosi
683 507 845 536 cauare
869 497 1030 547 questa
1051 505 1241 545 somma,
1272 491 1530 547 potrebbesi
1558 493 1754 537 anchora
1775 494 1875 537 dar’

236 569 395 632 ordine
425 571 510 613 che
540 583 621 626 per
656 569 876 613 l’auenire
913 567 990 625 piu
1026 567 1282 613 facilmente
1319 567 1563 624 potessimo
1598 569 1791 626 spedirci
1825 570 1872 613 di

238 647 389 702 quelle
427 648 600 703 pocche
638 647 821 699 faculta,
863 645 998 689 etiam
1039 645 1146 689 forsi
1183 646 1375 690 essendo
1411 644 1487 689 noi
1522 645 1714 700 absenti,
1745 654 1791 692 et
1826 647 1871 691 in

239 730 403 780 questo
424 731 602 769 mentre
623 726 708 768 che
729 723 770 767 ci
792 722 1081 766 mandassino
1111 722 1216 778 quel
1242 736 1386 779 pocco
1414 722 1514 766 fitto
1541 738 1692 767 annuo
1719 726 1804 769 che
1825 739 1878 768 se

239 815 298 845 ne
319 801 540 857 potrebbe
568 814 746 845 cauare.
781 801 838 843 Et
865 800 1048 855 quando
1080 800 1122 867 al
1149 806 1307 843 nostro
1327 799 1448 843 Rdo.
1483 801 1533 844 P.
1558 802 1671 845 Mro.
1698 801 1881 858 Ignatio

240 881 429 933 paresse'
449 879 522 920 ch'
555 878 746 922 andasse
779 876 897 920 insin
927 876 971 919 la
1003 891 1095 920 uno
1122 876 1168 919 di
1199 876 1291 930 noi,
1321 876 1371 932 jo
1401 877 1432 919 l’
1465 877 1649 922 hauerei
1680 878 1819 922 molto
1849 893 1877 922 a

239 955 394 1008 charo,
418 969 498 1011 per
520 955 687 999 uedere
715 970 764 999 se
796 954 833 997 si
866 953 1033 1011 potessi
1065 953 1306 1010 aggiutare
1334 950 1525 1001 Claudio
1559 956 1589 1008 ¹2,
1613 969 1662 998 se
1686 955 1793 999 forsi
1812 954 1876 998 lui

240 1046 332 1074 non
354 1032 467 1075 fussi
489 1033 687 1076 anchora
707 1031 933 1075 maritato.
959 1032 1017 1074 Et
1039 1032 1237 1075 anchora
1258 1031 1305 1074 di
1327 1031 1622 1088 aggiutar’in
1639 1031 1796 1089 spirito
1813 1032 1877 1089 gli

240 1108 315 1152 doi
338 1108 501 1153 fratelli
523 1108 700 1165 piccoli,
726 1108 757 1151 li
779 1108 901 1164 quali
923 1123 1035 1152 sono
1057 1107 1133 1165 gia
1149 1107 1195 1152 in
1217 1110 1291 1152 eta
1311 1107 1357 1151 di
1372 1110 1514 1166 poter?
1534 1108 1703 1166 eligere
1719 1116 1875 1163 statto,

243 1200 323 1242 per
341 1185 569 1242 aggiutar’
591 1188 789 1230 anchora
803 1187 833 1229 l’
854 1185 1002 1229 anima
1019 1186 1136 1229 della
1157 1186 1313 1230 madre
1327 1186 1578 1231 secundum
1599 1200 1796 1231 carnem.
1817 1187 1883 1229 Et·

244 1277 380 1320 spero
404 1264 488 1306 che
510 1262 555 1305 di
579 1263 641 1306 tal
663 1264 827 1308 andata
847 1278 906 1308 ne
927 1264 1117 1314 sarebbe
1143 1263 1397 1320 glorificato
1418 1263 1558 1317 Iddio,
1583 1270 1628 1307 et
1656 1278 1877 1321 augmen-

246 1346 340 1384 tata
360 1339 408 1382 in
430 1340 621 1395 qualche
643 1340 874 1397 particella
894 1341 937 1384 la
965 1339 1333 1397 moltiplicatione
1360 1341 1476 1384 della
1497 1340 1794 1398 Compagnia.
1821 1342 1878 1384 Et

243 1418 425 1473 quando
448 1418 532 1461 che
554 1433 580 1461 a
601 1424 757 1461 nostro
779 1418 894 1461 Rdo.
922 1419 973 1461 P.
1003 1419 1117 1461 Mro.
1138 1417 1314 1474 Ignatio
1331 1432 1511 1474 paresse
1532 1419 1617 1462 che
1634 1420 1750 1462 Mro.
1777 1418 1876 1462 An-

244 1494 366 1537 nibal
390 1494 562 1539 facesse
584 1501 746 1550 questo
768 1494 971 1551 uiaggio,
986 1490 1039 1538 'io
1060 1495 1092 1536 l’
1115 1494 1299 1539 hauerei
1322 1510 1348 1538 a
1369 1496 1521 1548 charo,
1541 1496 1773 1551 pensando
1794 1497 1878 1540 che

244 1571 435 1615 sarebbe
473 1571 579 1614 forsi
617 1586 696 1627 per
726 1572 792 1615 far
819 1571 897 1628 piu
926 1572 1067 1614 frutto
1098 1572 1184 1615 che
1211 1586 1304 1615 non
1328 1571 1393 1627 jo.
1425 1573 1501 1616 Ma
1532 1572 1714 1628 quando
1741 1573 1827 1617 che
1853 1586 1882 1616 a

243 1648 291 1693 S.
318 1649 373 1691 R.
402 1649 454 1690 P.
481 1663 662 1704 paresse
683 1650 755 1691 ch’
773 1648 824 1704 jo
845 1647 1041 1701 andassi,
1067 1647 1250 1692 andarei
1272 1650 1470 1693 anchora
1491 1649 1728 1695 uolentieri
1755 1649 1788 1693 ².
1865 1696 1870 1700 ,

335 1726 523 1781 Quanto
545 1725 587 1768 al
611 1732 763 1769 tornar
784 1725 829 1768 di
851 1726 909 1769 V.
941 1727 995 1768 R.
1022 1740 1048 1769 a
1069 1725 1273 1779 Firenze,
1299 1726 1345 1770 S.
1370 1727 1422 1768 E.
1449 1727 1463 1747 ³
1487 1734 1557 1770 sta
1578 1725 1880 1770 scorrocciata

202 1795 207 1802 ’
243 1815 293 1846 se
314 1815 406 1844 non
429 1807 574 1854 torna,
601 1808 646 1846 et
668 1801 785 1856 dice,
810 1816 859 1845 se
881 1803 938 1846 V.
965 1803 1020 1845 R.
1046 1816 1137 1844 non
1160 1808 1304 1855 torna,
1330 1804 1416 1846 che
1439 1803 1546 1846 uuol
1567 1803 1707 1847 leuar’
1732 1802 1763 1845 il
1784 1803 1880 1846 col-

243 1877 380 1934 legio.
408 1879 465 1920 Et
488 1880 653 1934 perche
678 1878 757 1935 piu
778 1894 804 1922 a
831 1879 974 1935 lungo
999 1878 1030 1921 il
1061 1879 1175 1922 Rdo.
1203 1879 1351 1923 Padre
1378 1878 1682 1923 commissario
1709 1894 1877 1937 ragua—

244 1953 387 2011 gliera
408 1956 466 1998 V.
493 1956 546 1998 R.
572 1954 731 2012 d'ogni
754 1969 875 2008 cosa,
895 1970 985 1998 non
1008 1955 1105 1998 diro
1127 1956 1257 2009 altro,
1282 1970 1331 1999 se
1353 1962 1444 1999 non
1465 1957 1549 2000 che
1571 1957 1657 2000 alle
1673 1970 1754 2000 sue
1775 1971 1879 2000 ora-

244 2030 356 2075 tioni
378 2038 424 2076 et
445 2032 563 2075 santi
585 2032 790 2088 sacrificij
821 2033 959 2076 molto
982 2031 1043 2076 mi
1070 2031 1383 2076 raccomando.
1408 2032 1469 2077 Di
1495 2034 1530 2076 F
1533 2032 1684 2078 irenze
1706 2048 1732 2077 a
1753 2034 1808 2077 28
1832 2033 1877 2077 di

245 2109 503 2153 Settembre
531 2119 655 2164 1555.
682 2109 741 2153 Di
764 2111 815 2153 V.
842 2111 895 2153 R.
923 2124 1059 2154 seruo
1080 2109 1266 2153 minimo
1287 2110 1360 2154 nel
1383 2110 1595 2167 Signore,

1017 2187 1270 2231 Lunomco
1301 2200 1364 2230 DE
1399 2187 1683 2231 COUDRETO.

335 2262 595 2317 Inscriptio:
615 2262 646 2320 †
668 2263 757 2305 Per
779 2262 809 2305 il
842 2263 956 2306 Rdo.
992 2264 1045 2306 P.
1082 2265 1195 2307 Mro.
1231 2264 1430 2320 Laynez,
1465 2263 1756 2321 prouinciale,
1788 2271 1878 2309 etc.

249 2339 409 2382 Roma.
716 2333 727 2344 ’

320 2495 331 2514 ¹
383 2492 535 2529 Claudii
556 2492 605 2529 de
623 2493 835 2539 Coudreto‚
865 2494 994 2530 fratris
1013 2493 1217 2541 Ludovici,
1237 2494 1422 2542 epistolas
1445 2496 1575 2543 plures
1593 2507 1709 2543 supra
1727 2495 1881 2532 edimus

248 2553 330 2588 vol.
355 2561 397 2599 11,
418 2557 627 2600 antequam
641 2552 725 2600 ipse
743 2553 940 2599 ignatiana
957 2559 1085 2599 castra
1101 2553 1314 2590 desereret.

321 2614 336 2633 ²
388 2612 516 2659 «Quia
535 2624 628 2648 vero
646 2612 927 2660 profectionem
944 2613 993 2649 P.
1013 2613 1202 2649 Ludovici
1220 2613 1260 2649 in
1277 2613 1510 2650 Sabaudiam
1528 2614 1571 2650 P.
1588 2614 1763 2661 Ignatius
1779 2613 1883 2650 arbi-

249 2670 324 2706 trio
340 2671 467 2707 Patris
486 2672 643 2719 Laynez
659 2672 914 2709 Provincialis
929 2673 1188 2719 commiserat,
1196 2673 1388 2719 judicavit
1401 2673 1467 2709 ille
1485 2685 1562 2709 non
1577 2673 1761 2721 expedire
1775 2679 1818 2710 ut
1831 2685 1882 2710 eo

250 2727 579 2776 proficisceretur,
609 2729 679 2766 sed
703 2735 745 2765 ut
776 2730 918 2766 litteris
943 2731 1102 2777 negotia
1132 2742 1202 2766 sua
1231 2730 1507 2777 transigeret».
1541 2732 1755 2778 POLANCO,
1782 2737 1811 2768 t.
1838 2743 1883 2777 v,

252 2799 341 2834 pag.
364 2797 447 2835 100,
467 2801 511 2825 n.
535 2796 624 2834 270.

321 2848 336 2869 ³
386 2849 574 2885 Eleonora
609 2848 658 2885 de
694 2849 861 2895 Toledo,
899 2849 1120 2886 Florentiae
1155 2849 1328 2886 ducissa.
1368 2849 1468 2886 Vide
1507 2851 1710 2887 POLANCO
1724 2879 1733 2897 ,
1770 2856 1802 2887 t.
1839 2859 1884 2896 v,

251 2917 340 2953 pag.
363 2916 444 2955 102,
470 2921 509 2945 n.
538 2916 707 2954 275-277‚
733 2909 800 2945 ubi
829 2909 955 2946 fusius
977 2908 1027 2945 de
1050 2910 1123 2945 hoc
1147 2908 1341 2945 desiderio
1365 2909 1523 2946 videndi
1553 2910 1707 2946 Patrem
1737 2909 1883 2946 Lainez

255 2965 402 3011 agitur.
