2014 3476
282 250 354 288 170
774 245 1015 281 Ems‘romss
1039 241 1339 289 Munna—807

234 344 399 399 anime,
424 345 472 389 ni
493 346 610 391 altra
630 360 757 400 cosa,
782 361 856 390 ma
877 345 975 391 dire
996 346 1039 389 13
1061 360 1088 388 3
1109 345 1289 402 piacere
1311 352 1467 389 nostro
1484 346 1527 388 la
1544 360 1667 390 mesa
1689 359 1716 388 0
1737 360 1878 399 mese,

233 436 362 466 corne
389 423 581 477 altroue,
616 430 662 467 et
693 424 972 478 confessare,
1009 430 1055 466 et
1086 422 1439 475 communicare,
1476 429 1522 466 et
1554 422 1802 479 predicare,
1834 430 1878 468 et

232 501 404 557 legere,
439 508 486 544 et
517 501 689 558 godere
721 501 796 546 del
826 501 969 558 luogo
1002 515 1139 544 senza
1169 500 1366 544 alchuno
1395 499 1590 554 fastidi03
1621 507 1667 545 et
1695 501 1878 556 quando

231 579 262 620 l’
286 579 548 623 hauessimo
575 585 622 622 et
649 593 743 622 non
770 592 970 636 paresse,
995 577 1033 622 si
1054 578 1146 635 puo
1172 576 1377 622 lasciare.
1409 576 1497 621 Gia
1526 592 1552 621 a
1578 578 1623 621 lo
1655 578 1795 635 longo
1816 579 1878 621 ho

232 655 390 699 scritto
411 655 443 699 il
464 655 552 700 sito
573 656 708 708 bello,
731 656 775 700 -le
797 670 918 709 case,
943 662 989 699 et
1017 655 1060 698 13
1088 653 1344 711 frequentia
1370 654 1445 698 del
1472 655 1635 711 popolo
1656 656 1741 699 che
1762 669 1875 698 con-

232 746 377 786 corre,
397 733 610 778 massime
632 734 675 778 le
692 734 822 786 seste,
844 740 890 778 et
911 746 1039 776 come
1062 731 1098 775 si
1122 730 1233 775 faria
1255 732 1399 775 frutto
1416 732 1490 775 nel
1513 731 1681 788 Signor
1701 738 1876 786 nostro,

232 817 279 855 et
300 825 429 854 come
450 800 521 855 sta
544 825 760 868 appresso
781 811 827 853 13
847 824 953 854 casa
975 816 1131 852 nostra
1151 815 1398 866 comprata.

315 889 428 932 'Non
451 889 589 941 altro,
616 902 760 931 senon
789 889 874 931 che
896 887 1037 930 molto
1060 887 1118 930 da
1139 900 1277 930 cuore
1299 885 1340 929 ci
1349 885 1750 946 Araccomandi-amo
1772 885 1881 930 tutti

233 965 319 1009 3113
349 967 402 1009 P.
436 967 494 1010 V.
527 966 571 1009 A
598 964 629 1007 li
660 975 683 1020 5
708 965 766 1009 de
789 963 978 1021 Maggio
1008 974 1082 1019 54,
1117 964 1174 1008 de
1204 965 1409 1007 Ferrara.
1442 965 1513 1008 De
1542 965 1599 1007 V.
1628 965 1680 1007 P.
1707 963 1882 1020 figliolo

233 1043 307 1087 nel
330 1043 379 1088 S.
404 1044 463 1086 N.
484 1044 528 1100 J.
555 1043 636 1097 X.,

1151 1102 1331 1159 JOANNJ
1366 1101 1696 1145 PELLETARIO.

322 1198 583 1254 Inscripiio:
611 1196 640 1255 †
672 1197 733 1241 Al
755 1197 897 1240 molto
918 1197 1034 1241 Rdo.
1060 1196 1106 1239 in
1129 1197 1188 1240 X.
1215 1197 1378 1249 Padre,
1403 1195 1436 1239 il
1458 1197 1511 1239 P.
1534 1198 1597 1240 M.
1622 1194 1800 1252 Ignatio
1819 1195 1880 1238 de

234 1274 421 1331 Loyola,
448 1274 664 1332 generale
685 1275 743 1319 de
763 1274 807 1318 13
828 1273 1115 1331 Compagnia
1135 1274 1193 1318 de
1213 1273 1376 1328 Giesu,
1406 1273 1453 1316 in
1476 1274 1636 1317 Roma.

319 1352 429 1395 Alia
451 1366 610 1395 manu:
634 1362 659 1407 v5
684 1352 741 1396 de
764 1351 969 1409 Maggio,
994 1351 1099 1395 addi
1128 1364 1178 1407 13
1202 1352 1346 1394 detto.

991 1620 1110 1662 8θῖ

697 1734 1006 1772 GREGORIUS
1033 1735 1104 1771 DE
1128 1735 1413 1782 PESQUERA

605 1837 793 1881 PATRI
826 1837 1089 1881 IGNATIO
1122 1838 1206 1881 DE
1236 1838 1499 1882 LOYOLA

742 1939 1032 1968 VALLstLETO
1058 1943 1081 1978 9
1106 1941 1199 1976 MAJI
1229 1940 1320 1978 1554
1340 1935 1366 1968 ¹.

232 2040 429 2087 Ignatium
445 2044 558 2086 rogat
575 2045 619 2076 ut
636 2032 794 2086 collegii
811 2041 1084 2087 orphanorum,
1103 2040 1149 2076 in
1164 2041 1276 2076 Nova
1300 2041 1490 2088 Hispania
1510 2041 1723 2085 condendi,
1740 2053 1873 2079 curam

576 2111 622 2135 ac
637 2099 966 2146 gubernationem
983 2111 1006 2135 3
1024 2099 1224 2136 Societate
1241 2100 1389 2148 suscipi
1407 2101 1522 2138 velit.

322 2197 453 2239 Rmo.
482 2196 630 2240 Padre
651 2202 838 2239 nuestro
860 2211 918 2240 en
939 2197 1039 2239 Ihu.
1071 2198 1190 2253 Xpo.
1217 2197 1283 2240 La
1305 2196 1460 2254 gracia
1487 2213 1517 2253 y
1539 2212 1623 2254 paz
1644 2198 1718 2242 del
1739 2198 1872 2255 Espi-

233 2273 332 2316 ritu·
348 2279 507 2317 sancto
534 2287 613 2317 sea
640 2272 821 2330 sienpre
847 2287 936 2316 con
964 2275 1022 2318 V.
1057 2275 1110 2317 Ρ.
1143 2289 1174 2330 y
1203 2288 1290 2317 con
1319 2275 1466 2318 todos.
1497 2276 1662 2319 Amen.
1696 2274 1873 2319 Ciertas

233 2365 451 2407 personas
467 2350 680 2394 deseosas
696 2351 770 2395 del
787 2350 980 2407 seruicio
996 2351 1053 2394 de
1069 2350 1197 2404 Dios,
1218 2358 1408 2398 nuestro
1424 2358 1575 2405 senor,
1596 2368 1626 2409 y
1640 2352 1872 2409 perpetui-

234 2428 323 2471 dad
343 2443 374 2485 y
396 2434 610 2473 avmento
628 2428 688 2471 de
709 2428 777 2471 105
806 2427 1007 2485 colegios
1035 2429 1094 2473 de
1114 2427 1247 2472 nifios
1274 2428 1332 2473 de
1363 2428 1590 2482 doctrina,
1622 2429 1755 2473 dizen
1781 2444 1872 2485 que

234 2506 343 2548 abra
364 2504 464 2550 diez
486 2508 513 2548 ὀ
529 2506 676 2548 honze
697 2511 809 2548 afios
831 2519 919 2560 que
942 2520 999 2549 en
1021 2511 1143 2549 estos
1165 2519 1330 2561 reynos
1351 2506 1409 2549 de
1431 2507 1627 2562 Espafia,
1651 2521 1681 2562 y
1703 2506 1871 2563 princi-

234 2583 463 2639 palmente
483 2597 541 2626 en
562 2583 605 2625 13
625 2581 733 2625 villa
753 2583 811 2625 de
834 2582 1099 2636 Balladolid,
1120 2581 1290 2626 diocesi
1311 2583 1368 2626 de
1392 2582 1621 2638 Palencia,
1645 2583 1812 2629 viendo
1827 2585 1871 2628 13

233 2660 625 2704 munchedumbre
646 2659 702 2702 de
724 2659 1040 2715 bagamundos
1062 2674 1091 2715 y
1107 2658 1240 2702 ninos
1261 2659 1493 2716 perdidos,
1519 2660 1587 2703 105
1608 2661 1765 2716 quales
1786 2675 1861 2704 an·

234 2737 385 2781 dauan
406 2736 477 2780 sin
498 2735 675 2793 abrigo,
699 2750 730 2792 y
750 2750 860 2791 muy
880 2735 1189 2792 corrompidos
1211 2750 1269 2780 en
1300 2737 1367 2780 135
1394 2738 1678 2782 costumbres
1693 2772 1704 2792 ‚
1727 2752 1757 2794 y
1788 2738 1868 2782 da—

308 2876 319 2897 ¹
368 2875 428 2910 Ex
446 2873 626 2920 originali
641 2873 682 2909 in
699 2874 781 2909 vol.
806 2873 852 2918 E,
871 2872 1015 2920 duplici
1033 2872 1141 2920 folio,
1165 2885 1203 2909 n.
1233 2882 1315 2919 125,
1333 2873 1440 2921 prius
1459 2874 1742 2920 285.—Exstat
1764 2875 1870 2911 aliud

232 2935 431 2981 exemplar
449 2933 639 2980 originale
656 2931 697 2969 in
715 2932 854 2968 eodem
869 2933 964 2976 vol.‚
983 2944 1022 2968 n.
1046 2931 1127 2978 126,
1147 2931 1254 2979 prius
1273 2932 1356 2980 286,
1371 2933 1474 2981 quod
1488 2933 1644 2971 nonnisi
1657 2933 1697 2969 in
1710 2933 1868 2981 quibus-

232 2994 321 3029 dam
350 2993 494 3030 nullius
531 2992 718 3029 momenti
746 2993 796 3028 ab
825 2993 898 3028 hoc
926 2991 1075 3028 differt.
1087 2993 1216 3028 -Hac
1245 2992 1411 3040 epistola
1440 3005 1533 3030 usus
1558 2998 1619 3030 est
1647 2994 1865 3038 POLANCQ

233 3059 260 3088 t.
280 3062 337 3099 1v,
357 3065 450 3101 pag.
475 3053 560 3100 397,
579 3065 617 3088 n.
637 3051 720 3098 856,
739 3051 807 3087 ubi
825 3051 972 3099 aliquid
988 3051 1038 3087 de
1057 3051 1161 3088 illius
1179 3058 1337 3088 auctore
1355 3052 1515 3089 dieitur.
