<?xml version="1.0" encoding="UTF-8"?>
<!DOCTYPE html PUBLIC "-//W3C//DTD XHTML 1.0 Transitional//EN"
    "http://www.w3.org/TR/xhtml1/DTD/xhtml1-transitional.dtd">
<html xmlns="http://www.w3.org/1999/xhtml" xml:lang="en" lang="en">
 <head>
  <title>
</title>
<meta http-equiv="Content-Type" content="text/html;charset=utf-8" />
  <meta name='ocr-system' content='tesseract 3.04.00' />
  <meta name='ocr-capabilities' content='ocr_page ocr_carea ocr_par ocr_line ocrx_word'/>
</head>
<body>
  <div class='ocr_page' id='page_1' title='image "./epistolaemixtaee04matruoft_0491.png"; bbox 0 0 2040 3458; ppageno 0'>
   <div class='ocr_carea' id='block_1_1' title="bbox 776 172 1765 252">
    <p class='ocr_par' dir='ltr' id='par_1_1' title="bbox 776 172 1765 252">
     <span class='ocr_line' id='line_1_1' title="bbox 776 172 1765 252; baseline -0.004 -10"><span class='ocrx_word' id='word_1_1' title='bbox 776 214 824 252; x_wconf 85' lang='lat'>29</span> <span class='ocrx_word' id='word_1_2' title='bbox 847 172 1094 242; x_wconf 72' lang='lat' dir='ltr'>Dsscminms</span> <span class='ocrx_word' id='word_1_3' title='bbox 1122 212 1214 250; x_wconf 86' lang='lat'>1554</span> <span class='ocrx_word' id='word_1_4' title='bbox 1696 201 1765 248; x_wconf 86' lang='lat'>485</span> 
     </span>
    </p>
   </div>
   <div class='ocr_carea' id='block_1_2' title="bbox 179 303 1813 1209">
    <p class='ocr_par' dir='ltr' id='par_1_2' title="bbox 179 303 1813 736">
     <span class='ocr_line' id='line_1_2' title="bbox 273 303 1812 364; baseline -0.004 -11"><span class='ocrx_word' id='word_1_5' title='bbox 273 307 422 353; x_wconf 88' lang='lat' dir='ltr'>Parlai</span> <span class='ocrx_word' id='word_1_6' title='bbox 450 306 565 352; x_wconf 89' lang='lat' dir='ltr'>hieri</span> <span class='ocrx_word' id='word_1_7' title='bbox 595 322 695 351; x_wconf 82' lang='lat' dir='ltr'>sera</span> <span class='ocrx_word' id='word_1_8' title='bbox 724 306 803 364; x_wconf 79' lang='lat' dir='ltr'>piu</span> <span class='ocrx_word' id='word_1_9' title='bbox 833 307 879 350; x_wconf 88' lang='lat' dir='ltr'>d’</span> <span class='ocrx_word' id='word_1_10' title='bbox 914 320 1004 350; x_wconf 91' lang='lat' dir='ltr'>una</span> <span class='ocrx_word' id='word_1_11' title='bbox 1033 307 1144 350; x_wconf 90' lang='lat' dir='ltr'>hora</span> <span class='ocrx_word' id='word_1_12' title='bbox 1173 320 1200 349; x_wconf 95' lang='lat' dir='ltr'>o</span> <span class='ocrx_word' id='word_1_13' title='bbox 1229 305 1276 348; x_wconf 91' lang='lat' dir='ltr'>in</span> <span class='ocrx_word' id='word_1_14' title='bbox 1303 305 1423 349; x_wconf 88' lang='lat' dir='ltr'>circa</span> <span class='ocrx_word' id='word_1_15' title='bbox 1451 319 1477 348; x_wconf 93' lang='lat' dir='ltr'>a</span> <span class='ocrx_word' id='word_1_16' title='bbox 1499 305 1548 349; x_wconf 90' lang='lat' dir='ltr'>S.</span> <span class='ocrx_word' id='word_1_17' title='bbox 1575 305 1744 356; x_wconf 79' lang='lat' dir='ltr'>EcC.za,</span> <span class='ocrx_word' id='word_1_18' title='bbox 1769 303 1812 347; x_wconf 92' lang='lat' dir='ltr'>la</span> 
     </span>
     <span class='ocr_line' id='line_1_3' title="bbox 180 382 1811 443; baseline -0.005 -13"><span class='ocrx_word' id='word_1_19' title='bbox 180 386 321 443; x_wconf 83' lang='lat' dir='ltr'>quale</span> <span class='ocrx_word' id='word_1_20' title='bbox 341 391 472 429; x_wconf 89' lang='lat' dir='ltr'>trouo</span> <span class='ocrx_word' id='word_1_21' title='bbox 493 390 619 428; x_wconf 89' lang='lat' dir='ltr'>tanto</span> <span class='ocrx_word' id='word_1_22' title='bbox 640 385 730 428; x_wconf 91' lang='lat' dir='ltr'>ben</span> <span class='ocrx_word' id='word_1_23' title='bbox 751 384 964 440; x_wconf 90' lang='lat' dir='ltr'>desposta</span> <span class='ocrx_word' id='word_1_24' title='bbox 990 382 1065 426; x_wconf 88' lang='lat' dir='ltr'>nel</span> <span class='ocrx_word' id='word_1_25' title='bbox 1094 382 1306 440; x_wconf 86' lang='lat' dir='ltr'>Signore,</span> <span class='ocrx_word' id='word_1_26' title='bbox 1331 383 1418 426; x_wconf 88' lang='lat' dir='ltr'>che</span> <span class='ocrx_word' id='word_1_27' title='bbox 1439 386 1698 424; x_wconf 88' lang='lat' dir='ltr'>veramente</span> <span class='ocrx_word' id='word_1_28' title='bbox 1720 394 1811 423; x_wconf 91' lang='lat' dir='ltr'>non</span> 
     </span>
     <span class='ocr_line' id='line_1_4' title="bbox 181 457 1813 520; baseline -0.004 -14"><span class='ocrx_word' id='word_1_29' title='bbox 181 461 333 520; x_wconf 88' lang='lat' dir='ltr'>potria</span> <span class='ocrx_word' id='word_1_30' title='bbox 353 461 449 505; x_wconf 89' lang='lat' dir='ltr'>dire</span> <span class='ocrx_word' id='word_1_31' title='bbox 471 461 600 513; x_wconf 86' lang='lat' dir='ltr'>altro,</span> <span class='ocrx_word' id='word_1_32' title='bbox 620 461 849 505; x_wconf 77' lang='lat' dir='ltr'>senonche</span> <span class='ocrx_word' id='word_1_33' title='bbox 867 459 958 516; x_wconf 85' lang='lat' dir='ltr'>egli</span> <span class='ocrx_word' id='word_1_34' title='bbox 973 460 1001 503; x_wconf 78' lang='lat' dir='ltr'>e</span> <span class='ocrx_word' id='word_1_35' title='bbox 1021 474 1083 502; x_wconf 89' lang='lat' dir='ltr'>vn</span> <span class='ocrx_word' id='word_1_36' title='bbox 1099 458 1302 516; x_wconf 81' lang='lat' dir='ltr'>principe</span> <span class='ocrx_word' id='word_1_37' title='bbox 1321 457 1627 515; x_wconf 85' lang='lat' dir='ltr'>xpianissimo.</span> <span class='ocrx_word' id='word_1_38' title='bbox 1640 490 1650 510; x_wconf 91' lang='lat'>,</span> <span class='ocrx_word' id='word_1_39' title='bbox 1669 463 1715 499; x_wconf 89' lang='lat' dir='ltr'>et</span> <span class='ocrx_word' id='word_1_40' title='bbox 1736 471 1813 500; x_wconf 89' lang='lat' dir='ltr'>ze-</span> 
     </span>
     <span class='ocr_line' id='line_1_5' title="bbox 179 532 1813 591; baseline -0.004 -9"><span class='ocrx_word' id='word_1_41' title='bbox 179 539 324 591; x_wconf 86' lang='lat' dir='ltr'>lante,</span> <span class='ocrx_word' id='word_1_42' title='bbox 348 545 394 582; x_wconf 90' lang='lat' dir='ltr'>et</span> <span class='ocrx_word' id='word_1_43' title='bbox 415 536 676 581; x_wconf 88' lang='lat' dir='ltr'>desideroso</span> <span class='ocrx_word' id='word_1_44' title='bbox 692 537 766 581; x_wconf 90' lang='lat' dir='ltr'>del</span> <span class='ocrx_word' id='word_1_45' title='bbox 786 535 941 579; x_wconf 91' lang='lat' dir='ltr'>diuino</span> <span class='ocrx_word' id='word_1_46' title='bbox 957 536 1080 580; x_wconf 91' lang='lat' dir='ltr'>culto</span> <span class='ocrx_word' id='word_1_47' title='bbox 1096 542 1142 580; x_wconf 90' lang='lat' dir='ltr'>et</span> <span class='ocrx_word' id='word_1_48' title='bbox 1159 537 1346 588; x_wconf 79' lang='lat' dir='ltr'>honore,</span> <span class='ocrx_word' id='word_1_49' title='bbox 1366 534 1518 591; x_wconf 79' lang='lat' dir='ltr'>percio</span> <span class='ocrx_word' id='word_1_50' title='bbox 1535 532 1813 590; x_wconf 85' lang='lat' dir='ltr'>degnissimo</span> 
     </span>
     <span class='ocr_line' id='line_1_6' title="bbox 185 598 1787 671; baseline -0.003 -12"><span class='ocrx_word' id='word_1_51' title='bbox 185 617 274 659; x_wconf 90' lang='lat' dir='ltr'>che</span> <span class='ocrx_word' id='word_1_52' title='bbox 290 614 355 659; x_wconf 91' lang='lat' dir='ltr'>sia</span> <span class='ocrx_word' id='word_1_53' title='bbox 371 598 765 659; x_wconf 87' lang='lat' dir='ltr'>raccommandato</span> <span class='ocrx_word' id='word_1_54' title='bbox 783 614 825 656; x_wconf 89' lang='lat' dir='ltr'>al</span> <span class='ocrx_word' id='word_1_55' title='bbox 842 614 890 658; x_wconf 90' lang='lat' dir='ltr'>S.</span> <span class='ocrx_word' id='word_1_56' title='bbox 910 614 968 658; x_wconf 94' lang='lat' dir='ltr'>N.</span> <span class='ocrx_word' id='word_1_57' title='bbox 987 614 1031 671; x_wconf 93' lang='lat' dir='ltr'>J.</span> <span class='ocrx_word' id='word_1_58' title='bbox 1058 614 1114 657; x_wconf 90' lang='lat' dir='ltr'>X.</span> <span class='ocrx_word' id='word_1_59' title='bbox 1137 613 1256 658; x_wconf 93' lang='lat' dir='ltr'>nelle</span> <span class='ocrx_word' id='word_1_60' title='bbox 1273 611 1464 656; x_wconf 90' lang='lat' dir='ltr'>orationi</span> <span class='ocrx_word' id='word_1_61' title='bbox 1481 610 1588 656; x_wconf 89' lang='lat' dir='ltr'>delli</span> <span class='ocrx_word' id='word_1_62' title='bbox 1605 609 1707 655; x_wconf 90' lang='lat' dir='ltr'>Rdi.</span> <span class='ocrx_word' id='word_1_63' title='bbox 1727 625 1787 654; x_wconf 94' lang='lat' dir='ltr'>no</span> 
     </span>
     <span class='ocr_line' id='line_1_7' title="bbox 180 689 967 736; baseline -0.004 0"><span class='ocrx_word' id='word_1_64' title='bbox 180 691 270 736; x_wconf 84' lang='lat' dir='ltr'>stri</span> <span class='ocrx_word' id='word_1_65' title='bbox 293 691 428 736; x_wconf 90' lang='lat' dir='ltr'>Padri</span> <span class='ocrx_word' id='word_1_66' title='bbox 448 697 494 736; x_wconf 82' lang='lat' dir='ltr'>et</span> <span class='ocrx_word' id='word_1_67' title='bbox 515 690 765 734; x_wconf 83' lang='lat' dir='ltr'>charissimi</span> <span class='ocrx_word' id='word_1_68' title='bbox 788 689 967 734; x_wconf 78' lang='lat' dir='ltr'>fratelli.</span> 
     </span>
    </p>

    <p class='ocr_par' dir='ltr' id='par_1_3' title="bbox 180 763 1810 977">
     <span class='ocr_line' id='line_1_8' title="bbox 275 763 1808 824; baseline -0.004 -12"><span class='ocrx_word' id='word_1_69' title='bbox 275 769 340 812; x_wconf 87' lang='lat' dir='ltr'>La</span> <span class='ocrx_word' id='word_1_70' title='bbox 362 770 415 812; x_wconf 89' lang='lat' dir='ltr'>P.</span> <span class='ocrx_word' id='word_1_71' title='bbox 441 769 494 812; x_wconf 94' lang='lat' dir='ltr'>V.</span> <span class='ocrx_word' id='word_1_72' title='bbox 526 781 703 824; x_wconf 90' lang='lat' dir='ltr'>sempre</span> <span class='ocrx_word' id='word_1_73' title='bbox 733 766 774 810; x_wconf 90' lang='lat' dir='ltr'>ei</span> <span class='ocrx_word' id='word_1_74' title='bbox 805 766 944 824; x_wconf 84' lang='lat' dir='ltr'>degni</span> <span class='ocrx_word' id='word_1_75' title='bbox 976 766 1148 811; x_wconf 87' lang='lat' dir='ltr'>aiutare</span> <span class='ocrx_word' id='word_1_76' title='bbox 1180 767 1299 811; x_wconf 88' lang='lat' dir='ltr'>nelle</span> <span class='ocrx_word' id='word_1_77' title='bbox 1330 780 1413 810; x_wconf 91' lang='lat' dir='ltr'>sue</span> <span class='ocrx_word' id='word_1_78' title='bbox 1440 772 1570 809; x_wconf 90' lang='lat' dir='ltr'>sante</span> <span class='ocrx_word' id='word_1_79' title='bbox 1598 763 1808 816; x_wconf 90' lang='lat' dir='ltr'>orationi,</span> 
     </span>
     <span class='ocr_line' id='line_1_9' title="bbox 186 840 1810 901; baseline -0.002 -14"><span class='ocrx_word' id='word_1_80' title='bbox 186 845 305 889; x_wconf 87' lang='lat' dir='ltr'>nelle</span> <span class='ocrx_word' id='word_1_81' title='bbox 330 845 463 901; x_wconf 89' lang='lat' dir='ltr'>quale</span> <span class='ocrx_word' id='word_1_82' title='bbox 490 850 536 889; x_wconf 87' lang='lat' dir='ltr'>et</span> <span class='ocrx_word' id='word_1_83' title='bbox 563 859 646 888; x_wconf 91' lang='lat' dir='ltr'>sua</span> <span class='ocrx_word' id='word_1_84' title='bbox 674 844 774 888; x_wconf 83' lang='lat' dir='ltr'>sede</span> <span class='ocrx_word' id='word_1_85' title='bbox 799 844 1004 886; x_wconf 87' lang='lat' dir='ltr'>laxamus</span> <span class='ocrx_word' id='word_1_86' title='bbox 1031 843 1144 887; x_wconf 89' lang='lat' dir='ltr'>retia</span> <span class='ocrx_word' id='word_1_87' title='bbox 1170 850 1339 886; x_wconf 89' lang='lat' dir='ltr'>nostra.</span> <span class='ocrx_word' id='word_1_88' title='bbox 1371 842 1431 886; x_wconf 94' lang='lat' dir='ltr'>Di</span> <span class='ocrx_word' id='word_1_89' title='bbox 1458 843 1494 885; x_wconf 94' lang='lat' dir='ltr'>F</span> <span class='ocrx_word' id='word_1_90' title='bbox 1497 855 1647 886; x_wconf 78' lang='lat' dir='ltr'>errata</span> <span class='ocrx_word' id='word_1_91' title='bbox 1668 840 1726 884; x_wconf 86' lang='lat' dir='ltr'>ali</span> <span class='ocrx_word' id='word_1_92' title='bbox 1756 841 1810 885; x_wconf 88' lang='lat'>28</span> 
     </span>
     <span class='ocr_line' id='line_1_10' title="bbox 180 918 1807 977; baseline -0.004 -11"><span class='ocrx_word' id='word_1_93' title='bbox 180 921 242 966; x_wconf 91' lang='lat' dir='ltr'>de</span> <span class='ocrx_word' id='word_1_94' title='bbox 263 922 515 966; x_wconf 82' lang='lat' dir='ltr'><strong>Decembre</strong></span> <span class='ocrx_word' id='word_1_95' title='bbox 542 931 667 976; x_wconf 87' lang='lat'><strong>1554.</strong></span> <span class='ocrx_word' id='word_1_96' title='bbox 693 920 808 965; x_wconf 89' lang='lat' dir='ltr'>Dela</span> <span class='ocrx_word' id='word_1_97' title='bbox 825 922 877 964; x_wconf 90' lang='lat' dir='ltr'>P.</span> <span class='ocrx_word' id='word_1_98' title='bbox 898 921 956 964; x_wconf 95' lang='lat' dir='ltr'>V.</span> <span class='ocrx_word' id='word_1_99' title='bbox 981 919 1185 977; x_wconf 85' lang='lat' dir='ltr'>figliuolo</span> <span class='ocrx_word' id='word_1_100' title='bbox 1207 919 1407 976; x_wconf 85' lang='lat' dir='ltr'>indegno</span> <span class='ocrx_word' id='word_1_101' title='bbox 1430 919 1504 963; x_wconf 87' lang='lat' dir='ltr'>nel</span> <span class='ocrx_word' id='word_1_102' title='bbox 1521 919 1569 963; x_wconf 90' lang='lat' dir='ltr'>S.</span> <span class='ocrx_word' id='word_1_103' title='bbox 1590 918 1648 961; x_wconf 92' lang='lat' dir='ltr'>N.</span> <span class='ocrx_word' id='word_1_104' title='bbox 1664 919 1707 975; x_wconf 93' lang='lat' dir='ltr'><strong>J.</strong></span> <span class='ocrx_word' id='word_1_105' title='bbox 1728 919 1807 970; x_wconf 90' lang='lat' dir='ltr'><strong>X.,</strong></span> 
     </span>
    </p>

    <p class='ocr_par' dir='ltr' id='par_1_4' title="bbox 963 998 1570 1042">
     <span class='ocr_line' id='line_1_11' title="bbox 963 998 1570 1042; baseline -0.003 -1"><span class='ocrx_word' id='word_1_106' title='bbox 963 998 1211 1042; x_wconf 81' lang='lat' dir='ltr'>GIOUANNI</span> <span class='ocrx_word' id='word_1_107' title='bbox 1245 999 1570 1041; x_wconf 79' lang='lat' dir='ltr'><strong>PELLETABIO.</strong></span> 
     </span>
    </p>

    <p class='ocr_par' dir='ltr' id='par_1_5' title="bbox 272 1059 1810 1133">
     <span class='ocr_line' id='line_1_12' title="bbox 272 1059 1810 1133; baseline -0.001 -15"><span class='ocrx_word' id='word_1_108' title='bbox 272 1076 531 1132; x_wconf 81' lang='lat' dir='ltr'>Inscriptio:</span> <span class='ocrx_word' id='word_1_109' title='bbox 552 1075 581 1133; x_wconf 86' lang='lat'>†</span> <span class='ocrx_word' id='word_1_110' title='bbox 603 1076 663 1119; x_wconf 90' lang='lat' dir='ltr'>Al</span> <span class='ocrx_word' id='word_1_111' title='bbox 681 1059 824 1118; x_wconf 85' lang='lat' dir='ltr'>molto</span> <span class='ocrx_word' id='word_1_112' title='bbox 846 1075 959 1118; x_wconf 88' lang='lat' dir='ltr'>Rdo.</span> <span class='ocrx_word' id='word_1_113' title='bbox 986 1073 1032 1117; x_wconf 93' lang='lat' dir='ltr'>in</span> <span class='ocrx_word' id='word_1_114' title='bbox 1054 1075 1113 1118; x_wconf 93' lang='lat' dir='ltr'><strong>X.</strong></span> <span class='ocrx_word' id='word_1_115' title='bbox 1140 1075 1302 1126; x_wconf 87' lang='lat' dir='ltr'>Padre,</span> <span class='ocrx_word' id='word_1_116' title='bbox 1327 1072 1358 1115; x_wconf 92' lang='lat' dir='ltr'>il</span> <span class='ocrx_word' id='word_1_117' title='bbox 1381 1075 1433 1116; x_wconf 89' lang='lat' dir='ltr'><strong>P.</strong></span> <span class='ocrx_word' id='word_1_118' title='bbox 1462 1074 1523 1117; x_wconf 91' lang='lat' dir='ltr'><strong>M.</strong></span> <span class='ocrx_word' id='word_1_119' title='bbox 1550 1072 1727 1130; x_wconf 85' lang='lat' dir='ltr'>Ignatio</span> <span class='ocrx_word' id='word_1_120' title='bbox 1753 1072 1810 1116; x_wconf 87' lang='lat' dir='ltr'>de</span> 
     </span>
    </p>

    <p class='ocr_par' dir='ltr' id='par_1_6' title="bbox 184 1150 1562 1209">
     <span class='ocr_line' id='line_1_13' title="bbox 184 1150 1562 1209; baseline -0.004 -12"><span class='ocrx_word' id='word_1_121' title='bbox 184 1152 368 1209; x_wconf 85' lang='lat' dir='ltr'>Loyola‚</span> <span class='ocrx_word' id='word_1_122' title='bbox 392 1153 603 1209; x_wconf 86' lang='lat' dir='ltr'>generale</span> <span class='ocrx_word' id='word_1_123' title='bbox 623 1152 741 1196; x_wconf 88' lang='lat' dir='ltr'>della</span> <span class='ocrx_word' id='word_1_124' title='bbox 762 1150 1047 1208; x_wconf 87' lang='lat' dir='ltr'>Compagnia</span> <span class='ocrx_word' id='word_1_125' title='bbox 1067 1151 1124 1195; x_wconf 89' lang='lat' dir='ltr'>de</span> <span class='ocrx_word' id='word_1_126' title='bbox 1145 1151 1305 1204; x_wconf 81' lang='lat' dir='ltr'>Giesu,</span> <span class='ocrx_word' id='word_1_127' title='bbox 1334 1150 1380 1193; x_wconf 91' lang='lat' dir='ltr'>in</span> <span class='ocrx_word' id='word_1_128' title='bbox 1401 1151 1562 1194; x_wconf 87' lang='lat' dir='ltr'>Roma.</span> 
     </span>
    </p>
   </div>
   <div class='ocr_carea' id='block_1_3' title="bbox 555 1479 1438 1609">
    <p class='ocr_par' dir='ltr' id='par_1_7' title="bbox 555 1479 1438 1609">
     <span class='ocr_line' id='line_1_14' title="bbox 673 1479 1319 1520; baseline -0.005 -2"><span class='ocrx_word' id='word_1_129' title='bbox 673 1481 945 1520; x_wconf 82' lang='lat' dir='ltr'>ANTons</span> <span class='ocrx_word' id='word_1_130' title='bbox 970 1482 1041 1517; x_wconf 88' lang='lat' dir='ltr'>DE</span> <span class='ocrx_word' id='word_1_131' title='bbox 1065 1479 1319 1518; x_wconf 80' lang='lat' dir='ltr'>CORDOBA</span> 
     </span>
     <span class='ocr_line' id='line_1_15' title="bbox 555 1564 1438 1609; baseline -0.002 0"><span class='ocrx_word' id='word_1_132' title='bbox 555 1565 741 1609; x_wconf 89' lang='lat' dir='ltr'><strong>PATRI</strong></span> <span class='ocrx_word' id='word_1_133' title='bbox 771 1564 1033 1608; x_wconf 91' lang='lat' dir='ltr'>IGNATIO</span> <span class='ocrx_word' id='word_1_134' title='bbox 1065 1564 1148 1607; x_wconf 91' lang='lat' dir='ltr'>DE</span> <span class='ocrx_word' id='word_1_135' title='bbox 1179 1564 1438 1608; x_wconf 87' lang='lat' dir='ltr'><strong>LOYOLA</strong></span> 
     </span>
    </p>
   </div>
   <div class='ocr_carea' id='block_1_4' title="bbox 619 1662 1369 1705">
    <p class='ocr_par' dir='ltr' id='par_1_8' title="bbox 619 1662 1369 1705">
     <span class='ocr_line' id='line_1_16' title="bbox 619 1662 1369 1705; baseline -0.001 -9"><span class='ocrx_word' id='word_1_136' title='bbox 619 1668 887 1696; x_wconf 71' lang='lat' dir='ltr'>SALMAN&#39;rch</span> <span class='ocrx_word' id='word_1_137' title='bbox 905 1668 950 1705; x_wconf 89' lang='lat'>29</span> <span class='ocrx_word' id='word_1_138' title='bbox 968 1667 1206 1695; x_wconf 69' lang='lat' dir='ltr'>DECEMBms</span> <span class='ocrx_word' id='word_1_139' title='bbox 1229 1667 1320 1705; x_wconf 86' lang='lat'>1554</span> <span class='ocrx_word' id='word_1_140' title='bbox 1341 1662 1369 1695; x_wconf 88' lang='lat'><strong>¹.</strong></span> 
     </span>
    </p>
   </div>
   <div class='ocr_carea' id='block_1_5' title="bbox 179 1738 1815 2145">
    <p class='ocr_par' dir='ltr' id='par_1_9' title="bbox 179 1738 1815 2145">
     <span class='ocr_line' id='line_1_17' title="bbox 179 1738 1814 1790; baseline 0 -11"><span class='ocrx_word' id='word_1_141' title='bbox 179 1743 265 1790; x_wconf 78' lang='lat' dir='ltr'>Qui</span> <span class='ocrx_word' id='word_1_142' title='bbox 288 1742 336 1779; x_wconf 91' lang='lat' dir='ltr'>ad</span> <span class='ocrx_word' id='word_1_143' title='bbox 358 1743 584 1779; x_wconf 87' lang='lat' dir='ltr'>missionem</span> <span class='ocrx_word' id='word_1_144' title='bbox 606 1742 864 1790; x_wconf 87' lang='lat' dir='ltr'>aethiopicam</span> <span class='ocrx_word' id='word_1_145' title='bbox 886 1741 1131 1778; x_wconf 86' lang='lat' dir='ltr'>destinantur</span> <span class='ocrx_word' id='word_1_146' title='bbox 1155 1738 1204 1778; x_wconf 86' lang='lat' dir='ltr'>ex</span> <span class='ocrx_word' id='word_1_147' title='bbox 1229 1743 1340 1789; x_wconf 87' lang='lat' dir='ltr'>urbe,</span> <span class='ocrx_word' id='word_1_148' title='bbox 1366 1754 1545 1789; x_wconf 89' lang='lat' dir='ltr'>magnam</span> <span class='ocrx_word' id='word_1_149' title='bbox 1568 1743 1720 1779; x_wconf 89' lang='lat' dir='ltr'>cunctis</span> <span class='ocrx_word' id='word_1_150' title='bbox 1749 1743 1814 1779; x_wconf 92' lang='lat' dir='ltr'>ad—</span> 
     </span>
     <span class='ocr_line' id='line_1_18' title="bbox 257 1801 1815 1849; baseline 0 -10"><span class='ocrx_word' id='word_1_151' title='bbox 257 1807 379 1839; x_wconf 90' lang='lat' dir='ltr'>ventu</span> <span class='ocrx_word' id='word_1_152' title='bbox 396 1814 467 1839; x_wconf 91' lang='lat' dir='ltr'>suo</span> <span class='ocrx_word' id='word_1_153' title='bbox 484 1803 670 1839; x_wconf 88' lang='lat' dir='ltr'>laetitiam</span> <span class='ocrx_word' id='word_1_154' title='bbox 687 1801 1304 1838; x_wconf 87' lang='lat' dir='ltr'>attulerunt.—Salmanticenses</span> <span class='ocrx_word' id='word_1_155' title='bbox 1329 1802 1425 1838; x_wconf 91' lang='lat' dir='ltr'>socii</span> <span class='ocrx_word' id='word_1_156' title='bbox 1449 1802 1658 1849; x_wconf 84' lang='lat' dir='ltr'>diligenter</span> <span class='ocrx_word' id='word_1_157' title='bbox 1682 1803 1721 1838; x_wconf 88' lang='lat' dir='ltr'>in</span> <span class='ocrx_word' id='word_1_158' title='bbox 1739 1803 1815 1839; x_wconf 93' lang='lat' dir='ltr'>vir-</span> 
     </span>
     <span class='ocr_line' id='line_1_19' title="bbox 258 1861 1814 1909; baseline 0 -11"><span class='ocrx_word' id='word_1_159' title='bbox 258 1867 382 1898; x_wconf 86' lang='lat' dir='ltr'>tutem</span> <span class='ocrx_word' id='word_1_160' title='bbox 399 1868 440 1898; x_wconf 90' lang='lat' dir='ltr'>et</span> <span class='ocrx_word' id='word_1_161' title='bbox 455 1862 706 1898; x_wconf 87' lang='lat' dir='ltr'>scientiarum</span> <span class='ocrx_word' id='word_1_162' title='bbox 723 1861 895 1897; x_wconf 89' lang='lat' dir='ltr'>studium</span> <span class='ocrx_word' id='word_1_163' title='bbox 914 1861 1272 1897; x_wconf 85' lang='lat' dir='ltr'>incumbunt.—Fr.</span> <span class='ocrx_word' id='word_1_164' title='bbox 1293 1861 1538 1908; x_wconf 90' lang='lat' dir='ltr'>Sotomayor‚</span> <span class='ocrx_word' id='word_1_165' title='bbox 1563 1861 1612 1900; x_wconf 92' lang='lat' dir='ltr'><strong>O.</strong></span> <span class='ocrx_word' id='word_1_166' title='bbox 1639 1863 1700 1909; x_wconf 89' lang='lat' dir='ltr'><strong>P.‚</strong></span> <span class='ocrx_word' id='word_1_167' title='bbox 1721 1863 1814 1899; x_wconf 88' lang='lat' dir='ltr'>ami-</span> 
     </span>
     <span class='ocr_line' id='line_1_20' title="bbox 257 1919 1814 1967; baseline 0.001 -11"><span class='ocrx_word' id='word_1_168' title='bbox 257 1921 414 1956; x_wconf 88' lang='lat' dir='ltr'>cissimo</span> <span class='ocrx_word' id='word_1_169' title='bbox 442 1921 571 1957; x_wconf 87' lang='lat' dir='ltr'>animo</span> <span class='ocrx_word' id='word_1_170' title='bbox 599 1926 753 1956; x_wconf 89' lang='lat' dir='ltr'>nostros</span> <span class='ocrx_word' id='word_1_171' title='bbox 775 1920 923 1967; x_wconf 84' lang='lat' dir='ltr'>prolixe</span> <span class='ocrx_word' id='word_1_172' title='bbox 946 1919 1283 1956; x_wconf 87' lang='lat' dir='ltr'>collaudat.—Dr.</span> <span class='ocrx_word' id='word_1_173' title='bbox 1314 1920 1512 1956; x_wconf 84' lang='lat' dir='ltr'>Navarrus</span> <span class='ocrx_word' id='word_1_174' title='bbox 1543 1920 1695 1957; x_wconf 87' lang='lat' dir='ltr'>sodales</span> <span class='ocrx_word' id='word_1_175' title='bbox 1725 1933 1814 1958; x_wconf 90' lang='lat' dir='ltr'>con-</span> 
     </span>
     <span class='ocr_line' id='line_1_21' title="bbox 257 1978 1815 2027; baseline 0 -11"><span class='ocrx_word' id='word_1_176' title='bbox 257 1985 395 2027; x_wconf 86' lang='lat' dir='ltr'>spectu</span> <span class='ocrx_word' id='word_1_177' title='bbox 412 1991 483 2016; x_wconf 88' lang='lat' dir='ltr'>suo</span> <span class='ocrx_word' id='word_1_178' title='bbox 499 1979 888 2016; x_wconf 88' lang='lat' dir='ltr'>recreat.-Miranda</span> <span class='ocrx_word' id='word_1_179' title='bbox 906 1979 1004 2015; x_wconf 90' lang='lat' dir='ltr'>tanti</span> <span class='ocrx_word' id='word_1_180' title='bbox 1021 1978 1096 2014; x_wconf 91' lang='lat' dir='ltr'>viri</span> <span class='ocrx_word' id='word_1_181' title='bbox 1114 1978 1312 2015; x_wconf 86' lang='lat' dir='ltr'>humilitas</span> <span class='ocrx_word' id='word_1_182' title='bbox 1331 1984 1371 2015; x_wconf 91' lang='lat' dir='ltr'>et</span> <span class='ocrx_word' id='word_1_183' title='bbox 1388 1979 1664 2016; x_wconf 83' lang='lat' dir='ltr'>benevolentia</span> <span class='ocrx_word' id='word_1_184' title='bbox 1680 1981 1720 2016; x_wconf 90' lang='lat' dir='ltr'>in</span> <span class='ocrx_word' id='word_1_185' title='bbox 1745 1980 1815 2016; x_wconf 92' lang='lat' dir='ltr'>So-</span> 
     </span>
     <span class='ocr_line' id='line_1_22' title="bbox 253 2038 1813 2086; baseline 0 -11"><span class='ocrx_word' id='word_1_186' title='bbox 253 2039 449 2075; x_wconf 88' lang='lat' dir='ltr'>cietatem:</span> <span class='ocrx_word' id='word_1_187' title='bbox 468 2039 615 2086; x_wconf 87' lang='lat' dir='ltr'>gaudet</span> <span class='ocrx_word' id='word_1_188' title='bbox 632 2039 680 2075; x_wconf 90' lang='lat' dir='ltr'>de</span> <span class='ocrx_word' id='word_1_189' title='bbox 697 2038 812 2075; x_wconf 80' lang='lat' dir='ltr'>felice</span> <span class='ocrx_word' id='word_1_190' title='bbox 829 2051 958 2074; x_wconf 90' lang='lat' dir='ltr'>rerum</span> <span class='ocrx_word' id='word_1_191' title='bbox 976 2043 1195 2074; x_wconf 88' lang='lat' dir='ltr'>nostrarum</span> <span class='ocrx_word' id='word_1_192' title='bbox 1218 2039 1556 2074; x_wconf 89' lang='lat' dir='ltr'>cursu.—Domus</span> <span class='ocrx_word' id='word_1_193' title='bbox 1574 2038 1813 2086; x_wconf 88' lang='lat' dir='ltr'>probationis</span> 
     </span>
     <span class='ocr_line' id='line_1_23' title="bbox 256 2097 1458 2145; baseline 0 -11"><span class='ocrx_word' id='word_1_194' title='bbox 256 2098 472 2134; x_wconf 88' lang='lat' dir='ltr'>instituitur</span> <span class='ocrx_word' id='word_1_195' title='bbox 487 2111 510 2134; x_wconf 94' lang='lat' dir='ltr'>a</span> <span class='ocrx_word' id='word_1_196' title='bbox 527 2099 682 2145; x_wconf 87' lang='lat' dir='ltr'>Borgia:</span> <span class='ocrx_word' id='word_1_197' title='bbox 701 2098 750 2134; x_wconf 86' lang='lat' dir='ltr'>ad</span> <span class='ocrx_word' id='word_1_198' title='bbox 763 2098 869 2134; x_wconf 88' lang='lat' dir='ltr'>illam</span> <span class='ocrx_word' id='word_1_199' title='bbox 887 2098 934 2134; x_wconf 92' lang='lat' dir='ltr'><strong>P.</strong></span> <span class='ocrx_word' id='word_1_200' title='bbox 959 2097 1139 2134; x_wconf 88' lang='lat' dir='ltr'>Cordoba</span> <span class='ocrx_word' id='word_1_201' title='bbox 1156 2098 1322 2144; x_wconf 89' lang='lat' dir='ltr'>migrare</span> <span class='ocrx_word' id='word_1_202' title='bbox 1336 2098 1458 2145; x_wconf 88' lang='lat' dir='ltr'>cupit.</span> 
     </span>
    </p>
   </div>
   <div class='ocr_carea' id='block_1_6' title="bbox 188 2179 1813 2516">
    <p class='ocr_par' dir='ltr' id='par_1_10' title="bbox 188 2179 1813 2516">
     <span class='ocr_line' id='line_1_24' title="bbox 982 2179 1007 2217; baseline 0 0"><span class='ocrx_word' id='word_1_203' title='bbox 982 2179 1007 2217; x_wconf 81' lang='lat' dir='ltr'>&#39;l&#39;</span> 
     </span>
     <span class='ocr_line' id='line_1_25' title="bbox 946 2219 1045 2275; baseline 0 -15"><span class='ocrx_word' id='word_1_204' title='bbox 946 2219 1045 2275; x_wconf 78' lang='lat' dir='ltr'>jhs.</span> 
     </span>
     <span class='ocr_line' id='line_1_26' title="bbox 276 2305 1813 2363; baseline -0.001 -13"><span class='ocrx_word' id='word_1_205' title='bbox 276 2307 385 2363; x_wconf 90' lang='lat' dir='ltr'>Muy</span> <span class='ocrx_word' id='word_1_206' title='bbox 413 2307 526 2350; x_wconf 91' lang='lat' dir='ltr'>Rdo.</span> <span class='ocrx_word' id='word_1_207' title='bbox 560 2307 707 2350; x_wconf 88' lang='lat' dir='ltr'>Padre</span> <span class='ocrx_word' id='word_1_208' title='bbox 734 2313 920 2351; x_wconf 89' lang='lat' dir='ltr'>nuestro</span> <span class='ocrx_word' id='word_1_209' title='bbox 949 2321 1007 2350; x_wconf 91' lang='lat' dir='ltr'>en</span> <span class='ocrx_word' id='word_1_210' title='bbox 1034 2305 1229 2350; x_wconf 89' lang='lat' dir='ltr'>Christo.</span> <span class='ocrx_word' id='word_1_211' title='bbox 1265 2308 1359 2350; x_wconf 85' lang='lat' dir='ltr'>Pax</span> <span class='ocrx_word' id='word_1_212' title='bbox 1390 2305 1574 2350; x_wconf 85' lang='lat' dir='ltr'>Christi.</span> <span class='ocrx_word' id='word_1_213' title='bbox 1616 2307 1718 2349; x_wconf 91' lang='lat' dir='ltr'>Con</span> <span class='ocrx_word' id='word_1_214' title='bbox 1746 2306 1813 2348; x_wconf 89' lang='lat' dir='ltr'>los</span> 
     </span>
     <span class='ocr_line' id='line_1_27' title="bbox 190 2382 1809 2440; baseline -0.001 -14"><span class='ocrx_word' id='word_1_215' title='bbox 190 2382 360 2426; x_wconf 89' lang='lat' dir='ltr'>Padres</span> <span class='ocrx_word' id='word_1_216' title='bbox 381 2397 469 2438; x_wconf 90' lang='lat' dir='ltr'>que</span> <span class='ocrx_word' id='word_1_217' title='bbox 485 2398 605 2439; x_wconf 92' lang='lat' dir='ltr'>yuan</span> <span class='ocrx_word' id='word_1_218' title='bbox 628 2388 654 2426; x_wconf 81' lang='lat' dir='ltr'>a</span> <span class='ocrx_word' id='word_1_219' title='bbox 677 2383 885 2440; x_wconf 81' lang='lat' dir='ltr'>Ethiopia</span> <span class='ocrx_word' id='word_1_220' title='bbox 906 2384 921 2404; x_wconf 80' lang='lat'><em>²</em></span> <span class='ocrx_word' id='word_1_221' title='bbox 945 2397 1029 2426; x_wconf 89' lang='lat' dir='ltr'>nos</span> <span class='ocrx_word' id='word_1_222' title='bbox 1051 2383 1238 2426; x_wconf 80' lang='lat' dir='ltr'>consolo</span> <span class='ocrx_word' id='word_1_223' title='bbox 1254 2385 1420 2426; x_wconf 90' lang='lat' dir='ltr'>mucho</span> <span class='ocrx_word' id='word_1_224' title='bbox 1443 2390 1627 2428; x_wconf 89' lang='lat' dir='ltr'>nuestro</span> <span class='ocrx_word' id='word_1_225' title='bbox 1649 2383 1809 2434; x_wconf 80' lang='lat' dir='ltr'>Sefior,</span> 
     </span>
     <span class='ocr_line' id='line_1_28' title="bbox 188 2459 1813 2516; baseline -0.001 -14"><span class='ocrx_word' id='word_1_226' title='bbox 188 2461 254 2502; x_wconf 84' lang='lat' dir='ltr'>asi</span> <span class='ocrx_word' id='word_1_227' title='bbox 276 2473 358 2516; x_wconf 93' lang='lat' dir='ltr'>por</span> <span class='ocrx_word' id='word_1_228' title='bbox 376 2460 595 2504; x_wconf 81' lang='lat' dir='ltr'>entender</span> <span class='ocrx_word' id='word_1_229' title='bbox 614 2460 672 2504; x_wconf 92' lang='lat' dir='ltr'>de</span> <span class='ocrx_word' id='word_1_230' title='bbox 698 2460 741 2502; x_wconf 89' lang='lat' dir='ltr'>la</span> <span class='ocrx_word' id='word_1_231' title='bbox 768 2460 898 2503; x_wconf 89' lang='lat' dir='ltr'>salud</span> <span class='ocrx_word' id='word_1_232' title='bbox 925 2460 982 2503; x_wconf 91' lang='lat' dir='ltr'>de</span> <span class='ocrx_word' id='word_1_233' title='bbox 1012 2460 1069 2503; x_wconf 91' lang='lat' dir='ltr'><strong>V.</strong></span> <span class='ocrx_word' id='word_1_234' title='bbox 1104 2461 1177 2512; x_wconf 89' lang='lat' dir='ltr'><strong>P.,</strong></span> <span class='ocrx_word' id='word_1_235' title='bbox 1209 2466 1334 2503; x_wconf 91' lang='lat' dir='ltr'>tanto</span> <span class='ocrx_word' id='word_1_236' title='bbox 1360 2474 1441 2516; x_wconf 88' lang='lat' dir='ltr'>por</span> <span class='ocrx_word' id='word_1_237' title='bbox 1468 2474 1546 2502; x_wconf 89' lang='lat' dir='ltr'>sus</span> <span class='ocrx_word' id='word_1_238' title='bbox 1573 2459 1688 2515; x_wconf 90' lang='lat' dir='ltr'>hijos</span> <span class='ocrx_word' id='word_1_239' title='bbox 1709 2459 1813 2501; x_wconf 91' lang='lat' dir='ltr'>des—</span> 
     </span>
    </p>
   </div>
   <div class='ocr_carea' id='block_1_7' title="bbox 186 2534 1814 2670">
    <p class='ocr_par' dir='ltr' id='par_1_11' title="bbox 186 2534 1814 2670">
     <span class='ocr_line' id='line_1_29' title="bbox 186 2534 1813 2592; baseline -0.001 -12"><span class='ocrx_word' id='word_1_240' title='bbox 186 2536 326 2580; x_wconf 84' lang='lat' dir='ltr'>seada</span> <span class='ocrx_word' id='word_1_241' title='bbox 347 2551 375 2591; x_wconf 91' lang='lat' dir='ltr'><strong>y</strong></span> <span class='ocrx_word' id='word_1_242' title='bbox 396 2535 558 2592; x_wconf 89' lang='lat' dir='ltr'>pedida</span> <span class='ocrx_word' id='word_1_243' title='bbox 579 2537 621 2580; x_wconf 90' lang='lat' dir='ltr'>al</span> <span class='ocrx_word' id='word_1_244' title='bbox 642 2538 788 2581; x_wconf 77' lang='lat' dir='ltr'>Senot</span> <span class='ocrx_word' id='word_1_245' title='bbox 809 2543 1011 2588; x_wconf 89' lang='lat' dir='ltr'>nuestro‚</span> <span class='ocrx_word' id='word_1_246' title='bbox 1037 2550 1168 2579; x_wconf 91' lang='lat' dir='ltr'>como</span> <span class='ocrx_word' id='word_1_247' title='bbox 1189 2551 1271 2592; x_wconf 92' lang='lat' dir='ltr'>por</span> <span class='ocrx_word' id='word_1_248' title='bbox 1296 2551 1376 2581; x_wconf 90' lang='lat' dir='ltr'>ver</span> <span class='ocrx_word' id='word_1_249' title='bbox 1398 2537 1443 2580; x_wconf 90' lang='lat' dir='ltr'>lo</span> <span class='ocrx_word' id='word_1_250' title='bbox 1473 2550 1562 2592; x_wconf 89' lang='lat' dir='ltr'>que</span> <span class='ocrx_word' id='word_1_251' title='bbox 1583 2550 1637 2579; x_wconf 90' lang='lat' dir='ltr'>su</span> <span class='ocrx_word' id='word_1_252' title='bbox 1659 2534 1813 2578; x_wconf 91' lang='lat' dir='ltr'>diuina</span> 
     </span>
     <span class='ocr_line' id='line_1_30' title="bbox 190 2612 1814 2670; baseline -0.001 -14"><span class='ocrx_word' id='word_1_253' title='bbox 190 2614 417 2668; x_wconf 83' lang='lat' dir='ltr'>Magestat</span> <span class='ocrx_word' id='word_1_254' title='bbox 438 2627 487 2656; x_wconf 85' lang='lat' dir='ltr'>se</span> <span class='ocrx_word' id='word_1_255' title='bbox 507 2612 646 2670; x_wconf 85' lang='lat' dir='ltr'>digna</span> <span class='ocrx_word' id='word_1_256' title='bbox 667 2614 799 2656; x_wconf 90' lang='lat' dir='ltr'>obrar</span> <span class='ocrx_word' id='word_1_257' title='bbox 820 2628 876 2657; x_wconf 91' lang='lat' dir='ltr'>en</span> <span class='ocrx_word' id='word_1_258' title='bbox 900 2619 1048 2656; x_wconf 87' lang='lat' dir='ltr'>tantas</span> <span class='ocrx_word' id='word_1_259' title='bbox 1068 2619 1218 2668; x_wconf 86' lang='lat' dir='ltr'>partes</span> <span class='ocrx_word' id='word_1_260' title='bbox 1240 2627 1270 2669; x_wconf 89' lang='lat' dir='ltr'>y</span> <span class='ocrx_word' id='word_1_261' title='bbox 1293 2620 1369 2656; x_wconf 85' lang='lat' dir='ltr'>tan</span> <span class='ocrx_word' id='word_1_262' title='bbox 1390 2612 1594 2656; x_wconf 83' lang='lat' dir='ltr'>diuersas</span> <span class='ocrx_word' id='word_1_263' title='bbox 1615 2627 1696 2668; x_wconf 94' lang='lat' dir='ltr'>por</span> <span class='ocrx_word' id='word_1_264' title='bbox 1718 2617 1814 2655; x_wconf 89' lang='lat' dir='ltr'>esta</span> 
     </span>
    </p>
   </div>
   <div class='ocr_carea' id='block_1_8' title="bbox 192 2712 472 2718">
    <p class='ocr_par' dir='ltr' id='par_1_12' title="bbox 192 2712 472 2718">
     <span class='ocr_line' id='line_1_31' title="bbox 192 2712 472 2718; baseline 0 0"><span class='ocrx_word' id='word_1_265' title='bbox 192 2712 472 2718; x_wconf 95' lang='lat' dir='ltr'> </span> 
     </span>
    </p>
   </div>
   <div class='ocr_carea' id='block_1_9' title="bbox 186 2770 1815 3055">
    <p class='ocr_par' dir='ltr' id='par_1_13' title="bbox 186 2770 1815 2996">
     <span class='ocr_line' id='line_1_32' title="bbox 261 2770 1815 2818; baseline -0.002 -10"><span class='ocrx_word' id='word_1_266' title='bbox 261 2775 272 2795; x_wconf 95' lang='lat'>¹</span> <span class='ocrx_word' id='word_1_267' title='bbox 322 2773 381 2808; x_wconf 85' lang='lat' dir='ltr'>Ex</span> <span class='ocrx_word' id='word_1_268' title='bbox 415 2771 613 2818; x_wconf 88' lang='lat' dir='ltr'>originali,</span> <span class='ocrx_word' id='word_1_269' title='bbox 636 2772 759 2808; x_wconf 88' lang='lat' dir='ltr'>‘manu</span> <span class='ocrx_word' id='word_1_270' title='bbox 787 2772 835 2808; x_wconf 92' lang='lat' dir='ltr'><strong>P.</strong></span> <span class='ocrx_word' id='word_1_271' title='bbox 871 2773 1124 2808; x_wconf 88' lang='lat' dir='ltr'>Bustamante</span> <span class='ocrx_word' id='word_1_272' title='bbox 1155 2777 1313 2808; x_wconf 83' lang='lat' dir='ltr'>exarato</span> <span class='ocrx_word' id='word_1_273' title='bbox 1338 2777 1378 2808; x_wconf 89' lang='lat' dir='ltr'>et</span> <span class='ocrx_word' id='word_1_274' title='bbox 1403 2784 1425 2807; x_wconf 88' lang='lat' dir='ltr'>a</span> <span class='ocrx_word' id='word_1_275' title='bbox 1451 2772 1495 2806; x_wconf 91' lang='lat' dir='ltr'><strong>P.</strong></span> <span class='ocrx_word' id='word_1_276' title='bbox 1521 2770 1700 2807; x_wconf 89' lang='lat' dir='ltr'>Cordoba</span> <span class='ocrx_word' id='word_1_277' title='bbox 1724 2770 1815 2805; x_wconf 88' lang='lat' dir='ltr'>sub-</span> 
     </span>
     <span class='ocr_line' id='line_1_33' title="bbox 186 2829 1814 2878; baseline -0.001 -12"><span class='ocrx_word' id='word_1_278' title='bbox 186 2831 344 2878; x_wconf 88' lang='lat' dir='ltr'>scripto,</span> <span class='ocrx_word' id='word_1_279' title='bbox 364 2830 403 2866; x_wconf 91' lang='lat' dir='ltr'>in</span> <span class='ocrx_word' id='word_1_280' title='bbox 421 2832 498 2866; x_wconf 90' lang='lat' dir='ltr'>vol.</span> <span class='ocrx_word' id='word_1_281' title='bbox 518 2831 565 2877; x_wconf 91' lang='lat' dir='ltr'>E,</span> <span class='ocrx_word' id='word_1_282' title='bbox 583 2830 727 2877; x_wconf 89' lang='lat' dir='ltr'>duplici</span> <span class='ocrx_word' id='word_1_283' title='bbox 745 2830 852 2877; x_wconf 87' lang='lat' dir='ltr'>folio,</span> <span class='ocrx_word' id='word_1_284' title='bbox 872 2843 911 2867; x_wconf 92' lang='lat' dir='ltr'>n.</span> <span class='ocrx_word' id='word_1_285' title='bbox 940 2830 1020 2877; x_wconf 90' lang='lat'>131,</span> <span class='ocrx_word' id='word_1_286' title='bbox 1039 2830 1145 2878; x_wconf 87' lang='lat' dir='ltr'>prius</span> <span class='ocrx_word' id='word_1_287' title='bbox 1163 2829 1245 2866; x_wconf 86' lang='lat'><strong>318.</strong></span> <span class='ocrx_word' id='word_1_288' title='bbox 1260 2831 1488 2866; x_wconf 88' lang='lat' dir='ltr'>-Adhibuit</span> <span class='ocrx_word' id='word_1_289' title='bbox 1506 2830 1698 2876; x_wconf 88' lang='lat' dir='ltr'>integram</span> <span class='ocrx_word' id='word_1_290' title='bbox 1714 2829 1814 2864; x_wconf 85' lang='lat' dir='ltr'>hanc</span> 
     </span>
     <span class='ocr_line' id='line_1_34' title="bbox 188 2887 1814 2938; baseline -0.002 -12"><span class='ocrx_word' id='word_1_291' title='bbox 188 2890 392 2938; x_wconf 89' lang='lat' dir='ltr'>epistolam</span> <span class='ocrx_word' id='word_1_292' title='bbox 410 2890 626 2936; x_wconf 72' lang='lat' dir='ltr'><strong>POLANCQ</strong></span> <span class='ocrx_word' id='word_1_293' title='bbox 645 2895 673 2925; x_wconf 88' lang='lat' dir='ltr'>t.</span> <span class='ocrx_word' id='word_1_294' title='bbox 694 2899 748 2931; x_wconf 81' lang='lat' dir='ltr'>lv,</span> <span class='ocrx_word' id='word_1_295' title='bbox 767 2901 855 2937; x_wconf 88' lang='lat' dir='ltr'>pag.</span> <span class='ocrx_word' id='word_1_296' title='bbox 875 2889 1047 2936; x_wconf 81' lang='lat'>379-381,</span> <span class='ocrx_word' id='word_1_297' title='bbox 1064 2901 1106 2925; x_wconf 93' lang='lat' dir='ltr'>n.</span> <span class='ocrx_word' id='word_1_298' title='bbox 1130 2889 1305 2925; x_wconf 85' lang='lat'><strong>816-820.</strong></span> <span class='ocrx_word' id='word_1_299' title='bbox 1327 2889 1424 2925; x_wconf 88' lang='lat' dir='ltr'>Vide</span> <span class='ocrx_word' id='word_1_300' title='bbox 1445 2890 1572 2924; x_wconf 92' lang='lat' dir='ltr'>locum</span> <span class='ocrx_word' id='word_1_301' title='bbox 1589 2900 1678 2923; x_wconf 90' lang='lat' dir='ltr'>cum</span> <span class='ocrx_word' id='word_1_302' title='bbox 1696 2887 1814 2924; x_wconf 88' lang='lat' dir='ltr'>adno-</span> 
     </span>
     <span class='ocr_line' id='line_1_35' title="bbox 187 2948 1482 2996; baseline -0.002 -10"><span class='ocrx_word' id='word_1_303' title='bbox 187 2950 401 2986; x_wconf 86' lang='lat' dir='ltr'>tationibus</span> <span class='ocrx_word' id='word_1_304' title='bbox 419 2948 733 2995; x_wconf 88' lang='lat' dir='ltr'>subjectis.-Cf.</span> <span class='ocrx_word' id='word_1_305' title='bbox 757 2949 850 2984; x_wconf 80' lang='lat' dir='ltr'>Litt.</span> <span class='ocrx_word' id='word_1_306' title='bbox 872 2949 1047 2994; x_wconf 56' lang='lat' dir='ltr'>Quadra,</span> <span class='ocrx_word' id='word_1_307' title='bbox 1067 2953 1096 2984; x_wconf 89' lang='lat' dir='ltr'>t.</span> <span class='ocrx_word' id='word_1_308' title='bbox 1115 2957 1172 2994; x_wconf 87' lang='lat'>111,</span> <span class='ocrx_word' id='word_1_309' title='bbox 1191 2960 1285 2996; x_wconf 87' lang='lat' dir='ltr'>pag.</span> <span class='ocrx_word' id='word_1_310' title='bbox 1311 2957 1482 2994; x_wconf 88' lang='lat'><strong>197-199.</strong></span> 
     </span>
    </p>

    <p class='ocr_par' dir='ltr' id='par_1_14' title="bbox 260 3008 662 3055">
     <span class='ocr_line' id='line_1_36' title="bbox 260 3008 662 3055; baseline -0.002 -11"><span class='ocrx_word' id='word_1_311' title='bbox 260 3011 274 3031; x_wconf 78' lang='lat'><em>2</em></span> <span class='ocrx_word' id='word_1_312' title='bbox 325 3008 425 3055; x_wconf 87' lang='lat' dir='ltr'>Vide</span> <span class='ocrx_word' id='word_1_313' title='bbox 444 3008 558 3055; x_wconf 91' lang='lat' dir='ltr'>epist.</span> <span class='ocrx_word' id='word_1_314' title='bbox 578 3017 662 3053; x_wconf 89' lang='lat'><strong>902.</strong></span> 
     </span>
    </p>
   </div>
  </div>
 </body>
</html>
