2054 3496
753 288 798 326 25
824 281 1057 318 FEBRUARn
1084 289 1175 327 1554
1456 321 1458 323 ,
1687 285 1734 330 69

146 389 300 429 mento
315 382 361 426 di
376 383 470 427 fare
486 390 647 440 questo
659 389 901 426 contratto.
919 383 1094 439 Impero
1102 383 1377 437 lhortulano,
1395 390 1606 440 presente
1622 392 1784 428 nostro

142 461 422 504 conductore
451 459 828 517 quinquennario,
852 475 948 504 non
967 460 1104 517 vogle
1130 461 1299 505 lassare
1327 461 1475 504 lhorto
1506 476 1586 518 per
1606 462 1732 506 darlo
1754 477 1782 506 a

143 537 297 594 quello
318 525 513 592 altro,'et
534 551 626 581 non
647 538 673 580 e
695 537 950 582 sufficiente
971 539 1223 594 paghatore
1245 539 1310 595 (vt
1330 539 1530 596 apparet)
1552 547 1598 582 et
1618 541 1780 583 hortu-

144 614 266 667 lano,
290 613 462 671 impero
479 614 614 658 credo
637 616 723 659 che
738 629 830 658 non
852 617 954 658 sara
970 621 1217 658 accettatto
1230 615 1348 659 dalle
1370 618 1607 661 monache.
1635 618 1781 673 Sopra

143 697 308 747 questo
338 691 481 735 siamo
513 691 711 735 discordi
744 691 933 737 insieme
966 691 1010 735 io
1042 698 1088 735 et
1123 695 1279 735 nostro
1314 693 1489 737 fratello
1525 693 1776 747 Anthonio;

144 767 317 825 impero
338 767 382 811 io
404 769 448 812 lo
465 768 593 811 vorie
614 769 864 825 prouedere
885 770 1008 813 duna
1035 769 1150 813 altra
1170 768 1349 825 partita,
1381 784 1510 814 come
1537 769 1613 827 gia
1634 772 1777 814 haue-

145 860 221 889 mo
242 846 416 902 parlato
436 845 626 889 insieme
648 859 735 889 con
763 845 795 888 il
814 852 1106 902 procuratore
1127 847 1245 891 delle
1270 849 1509 901 monache,
1540 854 1587 892 et
1608 847 1776 892 andare

142 937 233 966 con
254 922 318 965 lui
345 937 426 979 per
447 923 804 975 amoreuolezza,
836 922 1047 966 accioche
1074 923 1266 967 lassasse
1296 924 1458 974 lhorto.
1486 927 1562 969 Ma
1583 925 1775 968 essendo

141 1001 344 1043 anchora
359 999 423 1043 lui
439 1014 625 1056 sospeso
641 1007 687 1044 et
697 1014 788 1043 non
804 999 1090 1056 pienamente
1106 1002 1303 1044 anchora
1325 992 1574 1046 deliberato
1596 1001 1642 1044 di
1660 1003 1774 1046 fare-

144 1078 206 1130 lo,
225 1078 391 1134 perche
407 1076 471 1120 lui
487 1078 633 1120 ancho
649 1076 855 1122 desidera
871 1078 1028 1121 hauer'
1048 1077 1196 1121 lhorto
1226 1077 1273 1121 in
1289 1077 1434 1122 simile
1450 1079 1601 1132 modo,
1620 1087 1775 1123 nostro

146 1154 321 1210 fratello
338 1153 573 1197 Anthonio
587 1153 734 1197 vorrie
751 1155 996 1210 procedere
1011 1169 1092 1210 per
1107 1154 1279 1198 iustitia
1296 1154 1445 1208 ciuile,
1466 1157 1775 1212 pretendendo

143 1233 230 1274 che
261 1230 325 1273 lui
351 1245 444 1274 non
470 1232 530 1273 ha
560 1238 726 1287 pagato
754 1230 799 1273 in
823 1230 1003 1275 termini
1031 1231 1187 1275 debiti:
1213 1231 1276 1275 lui
1298 1232 1324 1275 e
1352 1234 1550 1275 anchora
1571 1232 1776 1278 debitore

146 1308 232 1352 alle
254 1309 478 1351 monache
500 1314 567 1351 tre
596 1318 637 1354 Δ
653 1342 663 1361 ,
689 1315 735 1352 et
756 1322 782 1350 a
803 1307 879 1351 noi
901 1323 982 1364 per
1002 1315 1138 1351 conto
1156 1309 1213 1352 de
1243 1303 1494 1352 lhorticello
1510 1316 1556 1352 et
1577 1312 1776 1366 pergho-

145 1386 239 1429 leso
260 1385 317 1428 de
346 1391 475 1428 santa
492 1387 635 1429 Maria
662 1386 736 1430 del
759 1386 904 1429 Passo
926 1384 1047 1429 circa
1068 1385 1171 1441 julii
1208 1397 1276 1440 17,
1307 1401 1386 1442 per
1414 1386 1445 1428 li
1473 1386 1610 1442 qualli
1638 1387 1775 1430 credo

143 1463 229 1506 che
250 1463 294 1505 13
314 1462 592 1518 professione
614 1469 770 1506 nostra
789 1477 960 1519 pouera
976 1477 1069 1506 non
1085 1462 1203 1506 deue
1219 1465 1361 1507 hauer
1383 1463 1562 1507 actione
1580 1463 1774 1520 propria,

142 1539 249 1583 licet
265 1539 447 1583 nomine
463 1540 520 1583 de
539 1541 599 1583 M.
618 1539 759 1596 Luysi
787 1541 815 1595 ¹3
836 1555 908 1583 ma
929 1554 1001 1584 me
1018 1539 1177 1583 dubito
1200 1542 1284 1583 che
1306 1539 1372 1584 513
1389 1540 1592 1585 eiusdem
1617 1540 1774 1594 farine,

143 1618 310 1673 perche
331 1619 394 1661 M.
420 1617 591 1674 Luysio
611 1618 655 1660 13
676 1616 956 1661 renunciata.
983 1618 1169 1674 Quanto
1186 1617 1260 1662 alli
1277 1618 1524 1674 sopradetti
1549 1631 1573 1672 3
1604 1628 1645 1664 Δ
1660 1652 1670 1672 ,
1694 1620 1777 1661 ha-

144 1701 278 1738 uemo
300 1694 478 1738 actione
500 1702 715 1750 tanquam
738 1702 1070 1751 procuratores,
1094 1703 1203 1748 etc.,
1234 1694 1370 1739 etiam
1394 1694 1630 1738 constretti
1652 1710 1678 1738 a
1700 1709 1777 1738 ac-

144 1770 349 1815 tionarlo.
371 1773 555 1816 Benche
576 1771 620 1814 io
637 1773 774 1816 credo
796 1774 897 1825 che,
917 1773 1115 1816 secondo
1136 1771 1362 1815 laiustitia
1378 1771 1528 1824 ciuile,
1555 1773 1678 1815 forsa
1694 1787 1777 1828 po-

143 1848 280 1892 tiamo
303 1852 472 1894 trouar'
498 1850 691 1905 qualche
713 1849 900 1906 ragione
923 1850 1058 1906 (forsa
1079 1850 1249 1906 magra)
1267 1849 1325 1893 de
1340 1848 1573 1902 scaciarlo;
1599 1849 1776 1893 niente-

141 1925 323 1970 dimeno
344 1927 577 1983 pensando
598 1934 644 1970 et
674 1926 1003 1970 considerando
1030 1928 1116 1970 che
1136 1941 1229 1970 non
1256 1926 1450 1983 bisogna
1480 1927 1575 1970 fare
1596 1927 1654 1969 ad
1675 1925 1778 1969 altri

144 2004 294 2058 quello
322 2005 407 2048 che
437 2018 529 2058 non
559 2018 772 2048 vorremo
800 2005 886 2048 che
914 2004 1039 2047 fusse
1068 2004 1180 2047 fatto
1211 2018 1238 2046 3
1264 2003 1356 2056 noi,
1396 2005 1455 2046 ho
1493 2003 1777 2047 considerato

143 2080 264 2124 nella
285 2080 375 2124 mia
398 2080 691 2133 conscientia,
717 2082 802 2124 che
823 2081 928 2124 nell’
953 2082 1086 2124 horto
1108 2080 1146 2124 si
1174 2082 1200 2124 e
1228 2086 1367 2124 statto
1391 2081 1503 2123 fatto
1525 2095 1641 2137 gran
1663 2081 1777 2123 dan-

142 2171 218 2209 no,
243 2165 288 2201 et
310 2172 404 2201 non
426 2159 619 2202 hauemo
641 2159 834 2201 mancho
856 2157 1042 2214 paghati
1070 2158 1111 2202 le
1142 2159 1364 2201 monache
1396 2157 1502 2202 nelli
1532 2157 1598 2200 soi
1622 2157 1777 2202 termi-

143 2234 206 2287 ni,
231 2241 319 2278 etc.
346 2236 522 2291 Impero
538 2234 816 2278 licitamente
832 2234 874 2278 ci
890 2234 1076 2291 possino
1092 2234 1307 2288 scaciare,
1326 2249 1418 2277 non
1434 2235 1646 2291 pagando
1667 2234 1778 2291 ogni

141 2312 279 2355 volta.
306 2311 656 2356 Nientedimeno
676 2313 828 2355 hanno
851 2318 982 2354 vsato
1009 2312 1068 2354 de
1088 2311 1281 2355 cortesia
1308 2318 1354 2354 et
1382 2311 1555 2354 charita
1576 2325 1709 2355 verso
1731 2311 1777 2353 di

62 2385 64 2387 ’
142 2387 234 2440 noi,
255 2389 544 2445 expettando,
564 2396 610 2432 et
627 2390 786 2432 adesso
803 2403 854 2433 se
863 2388 1049 2445 voglino
1067 2389 1409 2432 accommodare
1425 2403 1451 2431 a
1468 2387 1560 2440 noi,
1580 2387 1776 2444 piglian-

143 2465 200 2508 do
223 2465 338 2508 altro
360 2468 628 2522 paghatore,
653 2474 740 2509 etc.
768 2467 825 2508 Et
846 2471 1008 2521 questo
1030 2471 1186 2508 nostro
1213 2465 1455 2508 hortulano
1479 2464 1611 2522 (assai
1632 2479 1775 2520 poue—

141 2542 227 2597 ro),
253 2541 284 2584 il
305 2543 439 2597 quale
454 2557 546 2586 non
567 2544 625 2586 ha
644 2544 841 2586 anchora
857 2541 988 2585 finito
1010 2542 1176 2594 l'anno,
1202 2547 1248 2585 et
1269 2556 1361 2585 non
1378 2543 1404 2585 e
1425 2541 1628 2585 debitore
1645 2540 1776 2584 sinon

140 2633 232 2662 vna
253 2618 433 2663 miseria
467 2620 524 2662 de
554 2633 578 2675 3
609 2630 650 2666 Δ
686 2620 771 2663 alle
799 2620 1020 2662 monache
1052 2619 1243 2676 (benche
1271 2633 1298 2661 a
1325 2618 1400 2662 noi
1427 2617 1513 2673 juli
1547 2618 1630 2674 17),
1662 2624 1708 2661 et
1733 2617 1777 2660 le

142 2696 362 2751 paghara,
387 2703 433 2740 et
453 2696 680 2752 vogliamo
702 2710 833 2739 vsare
855 2696 913 2740 de
935 2696 1024 2738 tale
1045 2694 1195 2751 rigore
1212 2694 1362 2747 ciuile,
1387 2694 1419 2737 il
1436 2695 1569 2750 quale
1591 2695 1616 2737 e
1638 2700 1776 2737 statto

140 2786 170 2814 a
190 2772 267 2814 noi
289 2772 504 2827 relaxato,
530 2773 576 2815 in
598 2772 688 2815 mia
709 2772 987 2815 conscientia
1008 2771 1054 2815 io
1075 2772 1275 2816 vorebbe
1296 2771 1540 2828 procedere
1562 2784 1642 2826 per
1664 2770 1778 2812 altra

142 2847 232 2902 via,
257 2863 338 2905 per
358 2863 442 2892 suo
462 2848 572 2893 vtile
594 2858 639 2894 et
660 2865 741 2906 per
762 2850 793 2892 il
814 2856 971 2893 nostro
994 2863 1086 2892 non
1108 2848 1301 2893 essendo
1327 2848 1580 2891 sufficente.
1607 2847 1777 2889 Lhorto

107 2972 112 2978 ,
143 2939 236 2971 non
257 2926 284 2968 e
305 2926 498 2969 mancho
518 2927 608 2970 mal
630 2925 907 2970 acconciato:
938 2940 1047 2970 vero
1068 2926 1094 2969 e
1116 2926 1201 2968 che
1228 2924 1401 2982 poterie
1431 2937 1581 2967 essere
1609 2922 1778 2978 meglio

216 3095 227 3114 ¹
277 3091 500 3128 Ludovieus
518 3091 567 3128 de
584 3092 787 3128 Mendoza.
