2054 3496
297 250 344 287 86
783 251 1022 287 EPISTOLAE
1048 250 1336 296 M1xTAE—774

245 367 362 409 poco
383 352 460 409 piu
481 351 526 411 di
550 362 606 407 50
627 351 772 404 scudi‚
797 358 843 395 et
856 365 967 395 cum
990 357 1214 408 potestate
1236 350 1534 396 transferendi
1551 351 1813 408 pensionem
1830 350 1880 394 in

246 421 379 473 aliam
401 443 655 486 personam,
680 436 726 473 et
746 430 831 473 che
852 429 955 472 11016
976 429 1019 471 16
1035 429 1154 472 bolle
1170 428 1345 489 spedite
1366 443 1502 472 senza
1522 443 1663 485 pagar
1685 442 1748 471 un
1765 442 1882 484 qua—

249 506 382 559 trino,
407 512 454 550 et
475 507 559 549 che
581 506 658 549 uol
679 512 831 563 presto
853 520 977 549 esser
1006 505 1212 559 risoluto‚
1249 506 1415 561 perche
1436 504 1474 547 si
1506 505 1582 549 uol
1609 504 1808 562 spogliar
1835 504 1880 548 di

249 590 410 638 questo
433 582 565 626 titulo
587 597 614 626 o
635 597 716 639 per
738 597 829 626 una
850 582 940 637 uia,
966 597 993 625 0
1015 597 1094 638 per
1116 595 1179 624 un
1201 582 1330 634 altra,
1356 588 1402 625 et
1418 583 1478 625 ha
1498 581 1624 625 molti
1641 584 1725 626 che
1746 582 1776 624 1²
1795 581 1882 624 im-

249 666 504 716 portunano
526 674 606 716 per
627 660 815 703 uolerlo.
853 660 971 704 Pero
993 660 1050 703 V.
1077 660 1131 702 R.
1156 672 1229 702 me
1254 658 1367 701 sacci
1389 673 1520 715 saper
1543 659 1586 702 la
1614 659 1800 702 uolonta
1821 657 1884 701 dil

251 743 407 780 nostro
430 739 483 780 P.
512 738 648 780 Mess.
676 735 870 793 Ignatio.
1674 741 1677 743 ’

339 815 405 858 Le
428 814 550 858 scole
572 827 692 856 uano
714 814 849 865 bene,
874 819 920 857 et
941 826 1103 857 serano
1124 818 1257 855 cento
1279 811 1488 855 scholari.

344 891 408 934 Le
431 903 535 933 cose
556 889 778 946 spirituali
801 891 1012 941 anchora,
1032 890 1132 932 Deo
1154 888 1316 945 gratia,
1338 903 1489 932 uanno
1511 903 1596 932 con
1619 895 1886 946 augmento:

255 967 321 1010 fra
342 965 545 1010 huomini
569 972 614 1010 et
636 966 802 1020 donne,
830 966 966 1009 fanno
987 964 1019 1007 11
1040 965 1256 1021 essercitij
1287 977 1354 1009 12.
1380 966 1429 1010 S'
1452 964 1498 1008 io
1520 964 1700 1009 hauessi
1717 971 1888 1022 tempo,

254 1043 378 1087 harei
400 1044 539 1087 molto
560 1044 645 1087 che
669 1043 735 1085 far
751 1043 798 1085 in
821 1043 901 1085 dar
923 1041 1158 1098 essercitij,
1182 1042 1547 1086 massimamente
1568 1058 1594 1086 a
1615 1043 1780 1086 donne.

346 1121 406 1164 Al
427 1126 646 1176 presente·
661 1134 755 1162 non
779 1120 831 1162 ce
853 1119 967 1162 altro
989 1120 1074 1163 che
1096 1119 1180 1172 dir,
1206 1133 1350 1164 senon
1371 1121 1456 1163 che
1478 1119 1891 1164 raccommandarci

258 1198 332 1240 311·
359 1196 552 1240 orationi
575 1196 621 1238 di
643 1202 798 1239 nostro
832 1196 994 1249 Padre,
1016 1195 1061 1239 di
1083 1197 1141 1240 V.
1168 1197 1222 1239 R.
1250 1203 1295 1251 et
1316 1195 1361 1239 di
1383 1196 1488 1239 tutti
1510 1196 1541 1239 li
1562 1196 1677 1240 altri.
1704 1198 1776 1240 Da
1798 1198 1891 1240 Bo-

257 1274 395 1331 logna
420 1273 450 1316 il
473 1286 497 1316 2
522 1273 567 1316 di
590 1275 744 1317 Marzo
772 1283 897 1329 1554.
924 1275 982 1317 D.
1009 1274 1065 1318 V.
1095 1275 1150 1317 R.
1176 1288 1310 1318 seruo
1331 1273 1378 1316 in
1399 1273 1502 1327 X.⁰,

1130 1352 1166 1394 F
1169 1364 1416 1395 RANCEsco
1442 1353 1648 1395 PALM10.

347 1428 381 1470 Il
403 1427 588 1485 negotio
610 1427 655 1470 di
679 1429 816 1472 Mess.
842 1427 991 1472 Vlisse
1013 1427 1296 1471 Aldrobandi
1318 1427 1364 1470 di
1386 1442 1540 1472 nuouo
1568 1428 1839 1472 racomando
1867 1442 1896 1470 a

259 1506 316 1548 V.
346 1506 420 1559 R.,
444 1511 490 1548 et
512 1510 688 1561 espetto
705 1505 749 1547 la
770 1504 963 1561 risposta
984 1504 1091 1550 dalli
1113 1504 1492 1549 reuerendissimi.

1032 1740 1141 1780 224

831 1841 1127 1879 EMMANUEL
1155 1841 1334 1880 GOMES

725 1937 911 1981 PATRI
937 1939 1186 1996 JACOBO
1213 1940 1441 1983 LAINEZ

807 2039 959 2068 BAsnA
983 2040 1006 2077 7
1031 2040 1177 2068 MARTn
1205 2041 1295 2079 1554
1313 2033 1339 2069 ¹.

265 2111 421 2148 Gaudet
438 2113 487 2149 de
504 2112 635 2149 fructu
652 2119 839 2161 percepto
857 2126 906 2150 ex
924 2115 1107 2162 operibus
1124 2116 1252 2152 Patris
1270 2116 1430 2163 Lainez,
1448 2128 1493 2153 ac
1511 2117 1560 2153 de
1588 2117 1798 2153 Societatis
1823 2119 1887 2154 col

335 2171 439 2218 legio
474 2172 637 2208 Genuae
671 2174 1018 2210 constituendo.—
1032 2175 1080 2211 P.
1119 2175 1316 2212 Landinus
1350 2175 1448 2212 obiit
1481 2177 1888 2224 sanctissime.—-Qua

337 2231 483 2267 Gomes
518 2237 650 2268 utatur
683 2233 1158 2281 valetudine.—Quinam
1192 2235 1270 2271 sint
1299 2235 1510 2271 amicorum
1540 2247 1680 2272 sensus
1710 2248 1804 2283 erga
1836 2247 1907 2272 no-

339 2295 499 2327 strates.

1030 2378 1130 2471 Jffs.

360 2506 426 2548 La
453 2505 599 2562 gratia
626 2513 672 2550 et
701 2521 853 2551 amore
889 2507 935 2550 di
970 2508 1153 2552 Christo
1187 2516 1343 2553 nostro
1375 2509 1532 2567 signor
1560 2509 1627 2554 sia
1657 2524 1834 2567 sempre
1861 2510 1908 2553 in

274 2581 393 2625 tutti.
421 2583 586 2626 Amen.
612 2584 756 2628 Molto
777 2583 867 2627 mio
884 2584 999 2628 Rdo.
1020 2584 1067 2627 in
1084 2585 1265 2629 Christo
1284 2581 1432 2631 Padre
1451 2587 1483 2629 ².
1507 2588 1609 2631 Una
1627 2601 1709 2630 sua
1726 2586 1772 2630 di
1790 2599 1844 2630 22
1863 2586 1909 2630 di

275 2657 451 2702 Ganaio
474 2659 714 2704 habbiamo
735 2661 876 2704 hauto
897 2676 924 2705 a
946 2672 1002 2715 27
1025 2661 1070 2705 di
1092 2663 1128 2706 F
1132 2663 1307 2715 ebraro,
1334 2669 1380 2706 et
1400 2678 1450 2706 sa
1470 2662 1501 2705 il
1524 2663 1681 2720 signor
1702 2664 1844 2719 Iddio,
1863 2663 1911 2707 di

347 2816 359 2836 ¹
410 2818 468 2852 Ex
487 2820 725 2867 autographo
743 2820 783 2856 in
801 2822 877 2857 vol.
898 2822 944 2867 E,
965 2821 1080 2857 unico
1097 2821 1205 2866 folio,
1225 2834 1263 2857 n.
1282 2830 1343 2869 97,
1362 2821 1468 2869 prius
1490 2831 1574 2869 194.

348 2876 361 2896 ²
411 2877 581 2922 Jacobus
600 2879 745 2915 Lainez
763 2885 846 2915 erat
863 2880 999 2917 Italiae
1017 2881 1266 2928 provincialis
1285 2883 1546 2928 praepositus.
1576 2882 1687 2918 Tunc
1716 2894 1810 2918 vero
1833 2882 1913 2919 Ge-

276 2944 376 2968 nuae
395 2937 639 2982 versabatur,
658 2938 864 2984 plurimam
894 2938 1111 2976 animorum
1134 2940 1250 2976 saluti
1276 2952 1434 2988 operam
1463 2953 1610 2977 navans
1636 2947 1677 2978 et
1703 2941 1914 2978 Societatis

277 2993 487 3038 collegium
518 2995 557 3031 in
589 3008 634 3032 ea
664 2998 760 3034 urbe
778 2998 1036 3035 constituens.
1056 2999 1274 3046 POLANCO,
1294 3005 1322 3036 t.
1342 3009 1397 3046 lv,
1416 3012 1505 3048 pag.
1525 2999 1572 3037 30
1596 3006 1636 3037 et
1653 3012 1778 3048 seqq.,
1793 3013 1834 3036 n.
1863 3010 1915 3046 40

278 3056 321 3086 et
340 3063 451 3100 seqq.
591 3063 594 3066 ·
