2014 3444
851 205 875 242 4
898 195 1002 241 MAJ1
1029 203 1121 242 1555
1676 194 1747 241 645

163 301 244 344 bre
265 299 352 344 ello
373 298 564 341 muchas
590 310 743 351 uezes,
766 311 797 353 y
820 300 847 340 a
867 298 925 341 V.
952 298 1006 341 P.
1031 298 1230 342 Nuestro
1251 297 1398 342 Sefior
1423 296 1468 340 lo
1494 296 1663 340 ordene
1685 295 1794 339 todo

165 390 296 421 como
319 375 447 420 fuere
467 378 564 418 mas
584 388 640 417 su
660 373 806 431 gloria
826 388 856 430 y
877 373 1072 430 seruicio
1097 375 1126 418 ¹.

257 453 358 497 Con
376 452 444 495 135
463 451 600 495 letras
621 465 710 507 que
730 450 937 495 uinieron
957 451 1015 494 de
1035 465 1226 504 nueuas,
1250 451 1416 494 mucho
1436 464 1522 493 nos
1542 449 1795 506 alegramos

167 531 300 574 todos
320 544 379 574 en
400 529 443 572 el
464 529 628 582 Sefior3
652 543 683 584 y
699 527 927 572 asimismo
942 535 1065 573 estos
1084 527 1311 585 principes
1331 542 1391 571 an
1410 527 1609 584 holgado
1628 527 1795 569 mucho

168 621 255 651 con
276 606 401 659 ellas,
426 621 456 662 y
476 606 534 650 de
555 605 739 662 palabra
760 608 896 649 conte
922 605 990 649 las
1010 604 1281 663 principales
1302 605 1346 648 al
1364 618 1445 661 rey
1470 619 1501 660 y
1521 618 1677 659 reyna:
1701 619 1731 660 y
1752 604 1795 647 al

167 683 340 737 iffante,
371 697 461 738 que
492 682 601 725 uino
630 696 737 725 aora
763 682 821 727 de
848 682 991 735 fuera,
1021 682 1064 727 le
1085 682 1132 725 di
1158 686 1185 725 a
1211 682 1304 727 leer
1325 681 1494 737 cinquo
1519 684 1548 724 ό
1573 680 1618 737 vj
1641 680 1794 725 destas

164 767 330 812 cartas,
355 773 445 816 que
466 760 615 803 recebi
639 760 696 804 de
717 759 804 802 3113
824 773 906 815 por
927 758 1131 803 diuersas
1152 773 1304 804 uezes.

253 837 440 893 Quanto
472 837 515 880 31
546 837 729 881 decreto
760 836 817 879 de
849 837 994 888 Paris,
1022 837 1153 880 hasta
1180 850 1321 892 agora
1347 849 1408 878 no
1439 841 1578 891 tengo
1599 835 1794 878 hablado

161 927 251 957 eon
271 914 314 958 el
335 927 430 969 rey:
456 916 691 969 pareceme
712 926 800 968 que
821 913 865 955 10
892 927 918 955 3
938 912 997 958 (16
1017 914 1153 956 hazer
1172 927 1282 968 muy
1302 911 1409 955 bien
1430 912 1464 955 ⁸.
1489 912 1556 955 La
1577 925 1714 954 causa
1735 911 1793 955 de

163 1005 224 1034 no
251 990 295 1035 16
321 1005 427 1034 aver
454 990 664 1042 hablado,
689 1004 738 1033 es
759 1003 842 1046 por
868 1004 929 1032 no
949 995 1071 1032 estar
1091 992 1196 1045 aqui
1223 990 1292 1032 los
1321 988 1518 1043 iffantes,
1541 1003 1572 1044 y
1594 987 1793 1032 tambien

164 1081 338 1124 porque
358 1081 548 1123 yuamos
569 1081 624 1110 en
642 1072 741 1110 esta
756 1065 1019 1109 conclusion
1040 1066 1114 1109 del
1133 1065 1328 1122 collegio
1347 1066 1406 1110 de
1421 1064 1651 1119 Coimbra,
1675 1079 1706 1120 y
1723 1070 1793 1109 te—

165 1146 242 1187 nia-
268 1143 417 1187 miedo
445 1158 535 1199 que
565 1157 626 1186 no
653 1157 703 1186 se
733 1144 918 1188 turbase
943 1146 971 1186 ὁ
999 1142 1211 1187 dilatasse
1233 1142 1504 1186 hablandole
1530 1142 1664 1185 sobre
1684 1141 1788 1185 ello.

167 1222 236 1264 En
257 1226 356 1265 esto
377 1223 518 1276 porne
538 1221 704 1263 mucha
729 1219 966 1277 diligentia
986 1227 1115 1264 antes
1135 1233 1226 1275 que
1253 1234 1326 1264 me
1351 1225 1480 1275 parta
1506 1233 1614 1275 para
1635 1218 1793 1262 Coim-

165 1298 262 1351 bra,
287 1312 317 1353 y
339 1311 388 1341 se
410 1299 518 1340 hara
539 1297 646 1340 todo
667 1297 712 1340 10
733 1311 823 1352 que
845 1298 902 1341 V.
924 1298 978 1341 P.
1003 1297 1182 1340 manda.

254 1376 430 1431 Acerca
447 1375 504 1419 de
524 1374 568 1417 13
583 1371 902 1432 inquisi[ci]6n,
922 1389 975 1417 va
997 1388 1084 1417 con
1106 1380 1203 1419 esta
1224 1387 1317 1416 una
1332 1372 1461 1429 copia
1480 1373 1539 1417 de
1560 1387 1651 1415 una
1666 1378 1792 1416 carta

164 1452 293 1509 larga
313 1465 403 1507 que
424 1454 599 1496 escreui
627 1451 670 1494 al
697 1452 750 1493 P.
776 1451 812 1494 F
815 1450 1018 1507 rancisco
1047 1451 1079 1493 ³.
1111 1451 1170 1494 V.
1198 1451 1251 1494 P.
1281 1451 1326 1494 la
1345 1453 1469 1503 vera,
1500 1464 1531 1506 y
1552 1464 1639 1493 nos
1660 1464 1791 1493 man-

161 1529 272 1572 dara
291 1529 336 1572 10
357 1543 447 1585 que
467 1542 653 1573 auemos
674 1528 731 1572 de
751 1529 888 1572 hazer
909 1528 943 1571 ⁴.

137 1671 143 1672 ff
232 1639 244 1661 ¹
295 1640 362 1677 Cf.
384 1641 602 1687 ΡοιΑΝοο,
621 1645 655 1676 t.
678 1649 720 1686 v,
739 1651 829 1688 pag.
848 1639 932 1686 593,
951 1652 996 1676 n.
1022 1638 1127 1686 1632,
1145 1644 1279 1676 annot.
1297 1649 1333 1685 43
1361 1650 1450 1686 pag.
1469 1639 1554 1685 596,
1572 1651 1616 1675 n.
1643 1639 1729 1685 1641
1751 1644 1792 1675 et

163 1710 252 1747 pag.
277 1700 362 1747 598,
385 1712 423 1735 n.
452 1699 556 1746 1645,
581 1704 717 1735 annot.
746 1709 788 1745 23
818 1698 964 1735 Cartas
985 1700 1032 1735 de
1058 1700 1143 1735 San
1166 1700 1348 1747 Ignacio,
1374 1704 1403 1734 t.
1429 1708 1471 1746 v,
1496 1710 1589 1746 pag.
1619 1697 1789 1734 232-233.

163 1759 272 1795 Idem
289 1765 435 1805 tamen,
453 1764 487 1796 t.
510 1769 566 1805 vl,
585 1770 679 1807 pag.
701 1767 787 1806 747,
804 1771 847 1795 n.
871 1758 965 1805 3234
982 1759 1218 1795 sententiam
1235 1759 1356 1794 futuri
1374 1758 1622 1806 provincialis
1640 1758 1791 1795 Lusita-

162 1819 251 1855 niae
267 1818 402 1866 refert,
419 1819 485 1867 qui
503 1819 662 1855 Mironis
681 1819 994 1855 «festinationem
1012 1819 1053 1855 in
1068 1820 1142 1855 hoc
1159 1818 1318 1865 negotio
1337 1830 1470 1866 parum
1484 1819 1715 1865 probabat».

231 1880 246 1901 ²
296 1879 395 1915 Cum
414 1878 615 1914 decretum
634 1878 823 1914 adversus
840 1878 1077 1914 Societatem
1091 1879 1188 1925 Jesu
1201 1877 1435 1926 parisienses
1449 1877 1629 1913 doctores
1649 1877 1791 1913 edidis-

158 1942 262 1984 sent,
280 1938 455 1984 Ignatius
472 1938 594 1974 «datis
608 1938 657 1974 ad
671 1937 892 1974 vniversam
907 1937 1143 1974 Societatem
1162 1938 1316 1982 litteris,
1331 1949 1446 1985 quae,
1461 1937 1579 1973 variis
1592 1937 1696 1973 orbis
1716 1942 1790 1973 ter—

158 2008 224 2032 rae
240 1997 416 2043 partibus
434 2009 602 2045 sparsas,
620 1997 756 2033 domos
775 2002 815 2033 et
832 1996 1050 2033 studiorum
1067 1996 1182 2033 sedes
1199 1997 1382 2042 habebat;
1403 1996 1518 2032 iussit
1534 2008 1620 2032 eam
1637 1996 1790 2032 cunctis

157 2066 180 2091 a
205 2055 450 2103 Principibus
473 2061 589 2104 atque
613 2056 816 2103 Dynastis,
842 2056 1070 2092 Pastoribus
1100 2061 1140 2092 et
1170 2056 1387 2103 Episcopis,
1420 2056 1714 2102 Magistratibus
1744 2067 1789 2091 ac

158 2114 388 2162 Praefectis,
405 2115 632 2151 ciuitatibus
650 2120 690 2151 et
707 2115 802 2151 locis
820 2115 1015 2161 omnibus,
1030 2115 1097 2151 vbi
1110 2115 1296 2162 degebat,
1314 2115 1490 2162 publicas
1507 2115 1556 2151 de
1574 2115 1657 2150 suis
1677 2114 1789 2151 mori-

159 2174 233 2209 bus
251 2179 367 2220 atque
384 2174 572 2219 doctrina,
588 2179 748 2221 totoque
762 2174 867 2210 vitae
883 2185 1030 2220 genere
1044 2174 1339 2210 testificationes
1353 2180 1393 2210 et
1405 2174 1556 2210 litteras
1574 2175 1786 2222 postulare,

158 2245 303 2281 easque
322 2234 477 2281 publica
492 2234 570 2270 fide
587 2235 897 2283 auctoritateque
915 2235 1140 2282 obsignatas
1158 2234 1206 2270 ad
1223 2245 1266 2270 se
1284 2234 1562 2278 transmittere3
1584 2239 1627 2269 vt
1649 2244 1788 2280 pauco·

159 2305 245 2328 rum
262 2292 431 2339 iudicijs,
449 2293 515 2340 qui
533 2293 704 2330 nondum
721 2295 816 2331 satis
833 2307 916 2331 rem
934 2295 1056 2342 ipsam
1074 2298 1226 2339 norant,
1245 2293 1419 2329 vniuersi
1436 2305 1536 2341 pene
1554 2293 1661 2329 orbis
1679 2292 1787 2328 testi—

162 2352 334 2387 monium
352 2357 468 2399 atque
486 2352 686 2398 iudicium,
706 2353 740 2389 si
756 2353 910 2401 quando
928 2365 1024 2401 opus
1042 2359 1162 2398 esset,
1181 2358 1452 2400 opponeretur.
1473 2354 1634 2388 Factum
1658 2357 1701 2387 vt
1719 2351 1788 2386 im-

161 2416 364 2458 perauerat
394 2412 521 2452 Pater.
548 2417 589 2447 et
619 2423 669 2447 ex
699 2413 880 2449 omnibus
903 2413 1026 2449 ferme
1043 2413 1139 2448 locis
1162 2424 1207 2448 ac
1235 2412 1478 2458 ciuitatibus,
1507 2411 1639 2457 regnis
1669 2416 1786 2458 atque

159 2470 385 2518 prouincijs,
403 2481 471 2517 per
488 2482 584 2518 quas
601 2476 684 2506 erat
700 2471 877 2519 dispersa
899 2472 1090 2519 Societas,
1107 2482 1175 2519 pro
1193 2483 1239 2507 ea
1263 2471 1404 2507 missae
1427 2476 1519 2507 sunt
1536 2471 1689 2506 litterae
1707 2471 1786 2506 lau-

154 2530 248 2566 dum
266 2531 403 2577 plenae
421 2530 710 2566 maximarum».
726 2530 979 2578 ORLANDINJ,
994 2531 1100 2567 Hist.
1118 2531 1203 2568 Soc.
1213 2531 1323 2578 Jes.,
1338 2536 1436 2578 part.
1452 2540 1479 2573 1,
1492 2530 1560 2566 lib.
1580 2538 1650 2574 XV,
1669 2542 1707 2565 n.
1723 2529 1783 2574 433

158 2589 377 2633 POLANco‚
396 2594 430 2624 t.
453 2597 509 2633 lv,
527 2600 616 2636 pag.
637 2589 722 2636 328,
740 2602 780 2626 n.
798 2598 869 2636 702
887 2595 928 2626 et
945 2601 1071 2638 seqq.;
1090 2595 1119 2626 t.
1137 2599 1178 2635 v,
1197 2602 1287 2638 pag.
1310 2599 1367 2635 11,
1390 2602 1429 2626 n.
1452 2598 1495 2624 12
1515 2595 1555 2625 et
1577 2600 1671 2636 pag.
1699 2587 1784 2634 321,

156 2660 197 2684 n.
225 2648 296 2693 870
313 2653 353 2683 et
370 2659 478 2695 seqq.
498 2649 647 2684 Horum
666 2649 974 2685 testimoniorum
995 2651 1104 2697 plura
1120 2650 1368 2697 reperiuntur
1383 2648 1485 2696 apud
1502 2649 1603 2684 Acta
1623 2648 1786 2683 Sancto-

153 2719 249 2742 rum
279 2708 426 2742 mensis
446 2707 572 2754 Juliz',
603 2713 632 2743 t.
663 2717 734 2754 vn,
764 2708 805 2744 in
837 2707 1136 2745 Commentario
1159 2709 1329 2756 praevio
1352 2710 1399 2744 de
1430 2709 1575 2744 Sancto
1606 2707 1782 2754 Igncdio,

152 2767 192 2812 ἓ.
210 2775 321 2802 van
339 2771 379 2801 et
395 2775 534 2810 XLVuI3
554 2767 628 2802 alia
651 2767 691 2803 in
711 2766 857 2803 cartas
873 2769 920 2804 de
940 2768 1024 2804 San
1042 2768 1222 2816 Ignacio‚
1242 2773 1276 2804 t.
1299 2780 1325 2803 v
1349 2773 1389 2804 et
1407 2777 1461 2812 V1;
1481 2767 1555 2803 alia
1571 2765 1686 2813 infra,
1713 2776 1783 2802 suo

154 2826 256 2872 loco,
270 2825 464 2860 dabimus.

226 2885 241 2906 ⁵
290 2885 345 2920 Ea
362 2890 436 2929 est,
461 2896 560 2932 quae
583 2885 682 2921 hanc
706 2885 909 2933 epistolam
926 2886 1194 2934 consequitur.
1225 2887 1349 2928 Illam,
1374 2886 1489 2933 hujus
1506 2886 1616 2921 velut
1639 2896 1783 2932 appen-

154 2943 299 2991 dicem,
317 2943 559 2990 subjicimus·

227 3005 243 3026 ⁴
291 3003 365 3039 Sti.
391 3004 534 3050 Ignatii
555 3015 785 3052 responsum
807 3005 929 3041 habes
952 3005 992 3041 in
1018 3004 1177 3048 Φανίας,
1202 3010 1231 3041 t.
1257 3015 1298 3051 v,
1325 3016 1419 3053 pag.
1448 3002 1532 3050 233,
1557 3008 1598 3039 et
1627 3003 1780 3051 plenius
