2060 3432
341 252 410 298 842
821 251 1059 287 Ems’romss
1086 250 1398 297 MixTAE—1029

286 360 454 407 autem,
480 367 614 409 quam
635 351 721 396 X.⁰
743 351 1035 409 displicuerit,
1056 350 1190 396 etiam
1211 350 1347 396 sensi.
1373 350 1661 395 Condonauit
1681 351 1755 397 ille
1776 350 1904 404 mih‘i,

288 433 374 474 hac
405 437 556 473 tamen
586 427 866 481 conditione,
903 434 953 471 ut
985 427 1162 472 ueniam
1194 442 1220 472 a
1251 434 1296 471 te
1327 426 1606 472 rubicundus
1641 427 1906 485 supplicem,

292 506 422 551 cuius
444 505 611 564 gaudio
632 506 842 550 deberem
863 518 964 548 esse
980 503 1218 557 senectuti,
1239 503 1380 547 dolori
1403 503 1563 548 fuerim
1581 504 1774 550 uomica:
1794 506 1915 550 bene

293 592 444 627 tamen
465 597 645 639 sperare
665 581 812 635 iussit,
837 580 1003 637 quippe
1025 595 1158 636 quem
1180 581 1236 624 ad
1257 581 1533 637 parcendum
1555 581 1805 637 proniorem
1827 596 1911 626 no-

292 667 436 713 uerat,
462 674 597 716 quam
619 673 691 703 me
713 659 770 702 ad
791 657 970 701 ueniam
992 658 1252 714 petendum,
1277 664 1329 701 ut
1357 672 1484 702 orare
1512 665 1556 703 et
1588 672 1772 703 exorare
1792 658 1911 703 idem

292 739 474 782 faceret.
502 724 597 781 Oro
625 735 821 788 ueniam,
845 734 1103 779 dulcissime
1133 737 1283 788 Pater,
1309 736 1430 791 quod
1458 742 1548 778 tam
1575 734 1810 792 multiplici
1831 735 1913 779 tibi

293 814 451 858 fuerim
473 813 614 867 oneri,
640 819 690 856 ut
718 811 975 856 meminisse
1002 811 1179 855 animus
1206 813 1405 866 horreat,
1435 813 1634 856 calamus
1664 811 1760 869 ipse
1786 827 1911 856 com-

288 891 466 935 mittere
497 889 637 934 literis
668 889 920 933 erubescat.
954 889 1090 944 Quod
1117 887 1250 945 legit,
1280 887 1358 931 imi
1395 888 1589 945 pectoris
1616 888 1809 945 suspiria
1842 889 1912 934 di-

287 974 484 1020 ctarunt,
509 981 669 1009 manus
691 965 797 1009 olim
820 965 952 1008 nimis
974 965 1218 1009 dissolutae
1239 965 1498 1022 pinxerunt,
1523 980 1674 1023 genua
1695 967 1915 1010 hactenus

287 1045 343 1087 ad
364 1045 534 1087 bonum
556 1042 721 1087 debilia
741 1049 1070 1095 sustentarunt,
1095 1042 1232 1086 animi
1253 1042 1544 1099 corporisque
1571 1042 1659 1086 iam
1682 1042 1763 1085 tibi
1783 1042 1912 1087 dedi-

288 1120 560 1163 tissimarum
584 1132 832 1164 consensus
855 1118 1081 1162 unanimis
1109 1119 1292 1162 omnino
1321 1119 1711 1163 transcribendum
1738 1119 1911 1163 iudica-

289 1197 368 1240 uit.
395 1198 437 1241 O
463 1196 632 1239 utinam
658 1203 781 1239 tanta
803 1195 913 1239 mihi
928 1196 1257 1252 lachrymarum
1274 1196 1402 1253 copia
1417 1197 1573 1240 oculos
1588 1211 1750 1253 meque
1767 1187 1911 1240 totum

288 1274 596 1330 perfunderet,
621 1280 672 1316 ut
693 1272 739 1315 in
760 1279 1008 1330 conspectu
1030 1280 1109 1316 tuo
1131 1272 1479 1317 misericordiam
1501 1273 1704 1318 inuenire
1721 1288 1907 1318 merear.

291 1351 455 1394 Certus
476 1364 576 1393 sum
599 1349 735 1402 enim,
761 1356 804 1393 te
827 1357 1003 1406 pacato,
1028 1352 1176 1394 Deum
1199 1349 1308 1393 mihi
1326 1357 1431 1395 tuae
1448 1349 1731 1395 obedientiae
1751 1349 1913 1394 merito

292 1428 388 1472 fore
402 1426 659 1484 propitium.
681 1428 778 1471 Nec
794 1426 933 1480 dicas,
954 1442 1138 1483 quaeso,
1157 1429 1307 1480 Pater,
1323 1427 1481 1471 amice:
1496 1427 1583 1472 Cui
1599 1427 1681 1471 soli
1696 1427 1908 1484 peccasti,

291 1504 500 1561 ignoscat
529 1503 625 1547 tibi.
657 1505 773 1548 Nam
804 1504 841 1548 si
871 1504 968 1560 ipse
999 1519 1072 1549 me
1103 1504 1301 1549 remittat
1333 1505 1389 1548 ad
1421 1512 1482 1558 te,
1518 1506 1668 1557 Pater,
1695 1511 1835 1560 tuque
1855 1505 1911 1549 ad

291 1595 409 1634 eum,
437 1580 540 1624 uide
562 1580 670 1623 mihi
692 1581 948 1624 consultum
970 1580 1035 1624 sic
1057 1596 1156 1625 esse
1177 1596 1267 1625 non
1290 1596 1436 1638 posse,
1460 1581 1547 1625 nisi
1568 1581 1693 1638 ipsus
1714 1580 1914 1638 ingenue

291 1658 429 1701 dicas:
457 1659 606 1710 Petre,
632 1657 695 1700 fili
717 1657 994 1711 charissime,
1020 1666 1310 1714 peccatorum
1333 1666 1513 1701 tuorum
1536 1673 1627 1702 non
1645 1658 1913 1701 recordabor

291 1733 497 1790 amplius3
523 1741 573 1777 ut
595 1740 640 1778 et
657 1748 745 1790 ego
768 1734 849 1776 tibi
872 1735 1180 1790 respondeam:
1204 1737 1339 1778 Pater
1361 1735 1625 1788 reuerende,
1646 1734 1910 1778 clementiae

292 1820 397 1855 tuae
424 1825 656 1866 nunquam
684 1825 775 1853 non
802 1826 973 1855 memor
1001 1826 1093 1865 ero,
1125 1811 1230 1867 quia
1256 1814 1355 1857 Deo
1386 1811 1734 1868 hominibusque
1761 1826 1839 1868 per
1867 1818 1912 1856 te

291 1886 605 1931 reconciliatus
627 1902 739 1930 sum.
765 1889 875 1931 Pax.
902 1889 971 1931 Ne
1000 1903 1107 1932 uero
1135 1888 1225 1931 iam
1254 1895 1298 1932 te
1331 1895 1461 1945 putes
1487 1896 1794 1941 exoneratum,
1821 1890 1910 1932 Pa-

292 1971 359 2007 ter
375 1963 558 2020 optime,
571 1963 687 2007 scias
702 1979 774 2009 me
792 1964 1031 2020 omniaque
1045 1979 1159 2018 mea,
1174 1964 1446 2010 Societatem
1458 1957 1566 2023 Jesv
1579 1964 1737 2022 ipsam,
1756 1979 1912 2009 omnes

291 2039 507 2085 ecclesiae
535 2047 716 2084 sanctae
743 2047 903 2094 status,
929 2043 1147 2085 mundum
1175 2041 1370 2098 denique
1400 2041 1547 2098 ipsum
1568 2055 1668 2085 esse
1689 2041 1769 2085 tibi
1791 2041 1909 2085 desi—

291 2116 436 2160 derari
462 2117 776 2161 commendata
803 2133 829 2160 a
850 2120 958 2175 Jesv
990 2117 1091 2171 X.⁰,
1121 2118 1214 2174 qui,
1240 2133 1344 2162 cum
1366 2118 1525 2162 salutis
1546 2118 1747 2162 omnium
1770 2118 1829 2162 sit
1849 2118 1910 2162 si-

291 2193 600 2246 tientissimus‚
632 2194 739 2237 dare
772 2202 922 2239 tamen
952 2195 1102 2240 renuit
1130 2196 1196 2253 (ut
1224 2202 1294 2240 est
1323 2195 1493 2251 ubique
1519 2195 1908 2253 ordinatissimus),

291 2270 376 2314 nisi
397 2286 423 2314 a
440 2278 484 2315 te
501 2269 781 2326 caeterisque
798 2272 953 2316 amicis
972 2272 1081 2325 suis,
1101 2272 1149 2315 in
1170 2274 1300 2317 coelo
1319 2273 1577 2328 mundoque
1594 2271 1908 2326 existentibus,

291 2354 515 2392 exoretur.
557 2349 699 2410 Parce
735 2356 962 2404 postremo
999 2349 1251 2406 garrulitati
1288 2349 1590 2404 omnibusque
1627 2349 1748 2393 uitiis
1779 2349 1908 2393 meis.

292 2425 419 2478 Vale,
444 2426 497 2468 R.
525 2426 578 2467 Ρ.
593 2425 762 2482 Jacobe
781 2426 975 2481 Laynez.
998 2426 1172 2483 Tyburi
1188 2426 1320 2470 nonis
1338 2426 1615 2483 Septembris
1638 2437 1763 2481 1555.
1784 2428 1913 2470 Tuus

290 2516 345 2544 ex
367 2499 516 2545 animo
539 2500 673 2554 filius,
699 2502 906 2558 quamuis
935 2503 1292 2561 indignissimus,

1239 2583 1433 2625 PETRUS
1457 2581 1681 2627 SYLUIUS.

379 2655 635 2711 Inscriptio:
663 2655 693 2713 †
721 2657 834 2699 Rdo.
868 2656 914 2700 in
943 2657 1125 2701 Christo
1155 2657 1294 2712 Patri,
1325 2659 1377 2701 P.
1405 2659 1580 2716 Jacobo
1610 2659 1806 2714 Laynez,
1838 2672 1912 2702 sa—

291 2732 460 2775 cerdoti
482 2733 682 2794 professo
705 2733 945 2778 Societatis
967 2737 1091 2792 Jesu.
1119 2736 1226 2778 Alia
1246 2749 1404 2778 manu:
1435 2736 1700 2792 Exemplum
1729 2734 1909 2779 contriti

291 2808 500 2862 hominis,
526 2823 662 2865 opera
686 2811 737 2852 P.
764 2811 962 2867 Laynez,
987 2813 1237 2856 secundum
1260 2814 1423 2856 Deum.
