2054 3496
783 286 830 313 22
858 272 1012 313 MAnrn
1040 284 1054 313 ι
1061 284 1131 323 554
1663 287 1731 325 117

223 378 404 436 Raptim
438 378 628 435 Louanij
664 390 717 423 21
754 377 902 434 Martij
940 393 1061 422 anno
1099 377 1307 435 1554'R.
1337 379 1394 424 V.
1422 393 1586 425 seruus
1610 380 1656 425 in
1678 383 1778 425 Do-

142 456 287 510 mino,
1069 493 1071 496 ,
1523 455 1525 458 ’

755 534 1013 586 ADRIANUS
1045 534 1259 578 ADRIAm
1292 534 1350 577 ab
1380 534 1649 591 Antuerpia.

227 611 426 667 Quando
442 612 528 655 hec
546 610 829 667 scripseram,
855 616 990 653 nocte
1006 609 1232 665 sequenti,
1252 610 1372 654 circa
1393 611 1591 655 medium
1608 612 1771 667 noctis,

139 687 290 731 factus
311 694 380 731 est
406 687 480 731 hic
504 686 694 743 Louanij
719 693 1004 740 terremotus,
1030 686 1168 743 idque
1190 693 1259 731 ter
1284 687 1557 732 successiuis
1578 688 1771 744 vicibus,

137 765 279 809 semel
302 771 455 809 tamen
487 771 579 808 tam
609 763 800 819 fortiter,
829 771 881 807 vt
901 770 1107 821 putarem
1133 765 1319 808 domum
1350 772 1550 809 nostram
1579 767 1774 812 subuer-

139 842 343 885 tendam.
1758 844 1761 845 ⁷

227 919 482 976 Collegium
530 918 656 972 illud,
696 919 819 974 quod
854 918 1050 963 eiecerat
1091 925 1272 963 nostros
1315 920 1476 963 fratres
1517 926 1623 965 ante
1659 921 1775 964 duos

130 1009 278 1038 annos
304 997 334 1050 ¹,
359 1010 415 1040 eo
437 997 556 1051 quod
589 995 718 1039 multi
747 1010 803 1039 ex
837 994 913 1038 illo
940 995 1136 1052 collegio
1164 995 1295 1039 nobis
1324 997 1541 1041 fauebant
1569 1003 1615 1042 et
1636 997 1778 1053 aliqui

134 1072 522 1129 adiungebantur,
547 1079 760 1129 putantes
783 1072 905 1128 quod
926 1072 1246 1129 impediremus
1274 1073 1443 1117 bonam
1464 1073 1642 1131 collegij
1666 1088 1778 1131 pros--

132 1148 396 1203 motionem,
422 1151 524 1202 hoc,
551 1148 752 1204 inquam,
778 1149 1023 1206 collegium
1045 1156 1193 1206 preter
1217 1149 1399 1193 solitum
1418 1151 1474 1194 ab
1496 1165 1552 1195 eo
1570 1157 1775 1208 tempore·

134 1224 373 1281 pessimam
389 1225 550 1269 habuit
564 1225 913 1282 promotionem.
933 1225 1158 1270 Nimirum
1177 1234 1355 1270 sextum
1371 1234 1418 1271 et
1434 1227 1522 1271 iam
1539 1227 1774 1284 quintum,

135 1304 186 1344 vt
206 1308 390 1355 vocant,
416 1301 739 1346 vniuersitatis.

220 1420 591 1516 Inscriptiofliis.
618 1455 728 1501 R.d0
745 1457 791 1500 in
813 1457 899 1500 Χ.ο
924 1455 1049 1500 Patri
1070 1457 1290 1514 magistro
1307 1457 1484 1514 Ignatio
1506 1458 1562 1502 de
1580 1459 1764 1515 La'yola,

127 1534 331 1590 generali
352 1534 610 1591 praeposito
631 1533 874 1580 Societatis
896 1536 1023 1593 Jesu.
1050 1535 1208 1578 Rome.

882 1770 1009 1812 ⁷8⁴2

643 1877 917 1915 ALBERTUS
943 1876 1250 1914 FERRARESE

503 1974 690 2018 PATRI
721 1974 984 2018 IGNATIO
1017 1974 1100 2017 DE
1130 1974 1392 2018 LOYOLA

652 2088 840 2116 EUGUBIO
858 2088 904 2115 22
920 2087 1065 2116 MARTn
1086 2087 1176 2125 1554
1192 2082 1224 2115 ².

229 2163 291 2209 Ad
309 2173 506 2210 abbatiam
525 2173 733 2211 cardinalis
752 2175 913 2211 Cervini
931 2186 973 2230 se
992 2174 1332 2222 contulit.—Quid
1349 2175 1387 2211 ei
1404 2174 1589 2211 acciderit
1607 2173 1647 2210 in

467 2232 750 2270 distribuendis
769 2235 889 2270 sacris
906 2233 1175 2270 Eucharistiae
1192 2234 1406 2282 particulis.

869 2329 982 2408 Ylis.

214 2457 375 2503 Gratia
396 2465 443 2502 et
462 2474 551 2515 pax
578 2459 750 2503 domini
778 2459 921 2503 nostri
942 2461 1069 2518 Jesu.
1095 2458 1188 2503 Alli
1215 2474 1275 2502 xx
1301 2459 1375 2502 del
1401 2465 1612 2516 presente
1639 2458 1755 2502 rice-

127 2534 324 2580 uessimo
346 2535 494 2591 quelle
517 2535 563 2579 di
586 2537 643 2580 V.
670 2538 740 2590 R„
765 2537 850 2580 alle
873 2537 1021 2592 quale,
1047 2550 1138 2579 non
1164 2535 1212 2580 ui
1233 2536 1426 2580 essendo
1444 2550 1523 2592 per
1539 2535 1749 2591 risposta,

123 2625 217 2655 non
238 2611 336 2654 diro
357 2612 472 2655 altro
494 2612 614 2656 circa
638 2614 695 2656 ad
724 2628 824 2659 esse
847 2628 896 2658 se
917 2627 1024 2666 non,
1050 2612 1097 2656 in
1125 2619 1294 2668 quanto
1314 2612 1375 2655 mi
1402 2611 1583 2669 impone
1605 2613 1662 2655 V.
1695 2612 1749 2654 R.

121 2701 202 2744 per
223 2687 421 2731 scriuere
438 2703 464 2732 a
481 2690 517 2731 F
519 2703 686 2743 errara,
712 2690 788 2747 gia
809 2692 869 2733 ho
898 2691 1025 2733 fatto:
1050 2704 1124 2733 ma
1144 2697 1237 2733 non
1258 2703 1307 2734 se
1329 2689 1500 2732 ritroua
1520 2688 1619 2732 sino
1641 2688 1751 2731 fatto

117 2764 160 2806 le
182 2764 312 2808 feste.
340 2765 468 2808 Hora
488 2775 569 2822 per
591 2767 698 2810 dare
720 2767 880 2811 notitia
900 2783 927 2811 a
948 2769 1006 2811 V.
1032 2768 1087 2810 R.
1112 2765 1158 2809 di
1179 2773 1298 2812 tutte
1318 2767 1361 2811 le
1390 2766 1577 2818 attione,
1602 2765 1752 2820 quella

116 2840 267 2884 debbe
289 2854 446 2897 sapere
469 2843 553 2886 che
580 2843 678 2887 heri
707 2843 876 2887 matina
897 2858 924 2887 a
943 2843 1063 2900 piedi
1086 2858 1112 2887 a
1133 2843 1252 2900 piedi
1280 2842 1413 2886 andai
1436 2843 1522 2885 alla
1544 2841 1699 2892 Badia,
1725 2856 1752 2885 e

190 2964 202 2985 ¹
253 2962 472 3009 Collegium
491 2964 685 3001 Falconis.
704 2964 922 3011 POLANCO,
942 2971 975 3002 t.
998 2974 1040 3012 11,
1058 2976 1147 3013 pag.
1168 2964 1252 3012 588,
1270 2975 1310 3000 n.
1328 2973 1413 3009 4023
1433 2969 1462 3000 t.
1480 2973 1537 3010 111,
1556 2975 1643 3011 pag.
1665 2968 1752 3009 279‘,

119 3032 158 3057 n.
177 3021 262 3058 626.

190 3082 204 3102 ²
256 3080 314 3115 Ex
332 3082 571 3128 autographo
589 3081 629 3118 in
645 3083 721 3118 vol.
741 3084 788 3128 E,
807 3083 922 3119 unico
939 3083 1047 3131 folio,
1065 3095 1103 3119 n.
1124 3082 1184 3128 30,
1203 3083 1309 3130 prius
1327 3090 1369 3127 41
1394 3084 1456 3126 'sz-
