2054 3496
804 274 849 309 28
874 275 1106 310 FEBRUARn
1134 281 1226 319 1554
1444 264 1446 266 ’
1738 285 1785 322 77

959 515 1072 556 ⁷20

711 617 986 654 ALBERTUS
1010 616 1317 653 FERRARESE

572 714 759 757 PATRI
789 714 1053 758 IGNATIO
1085 714 1168 757 DE
1200 713 1461 757 LOYOLA

678 816 867 845 EUGUBIO
891 806 938 843 28
961 815 1190 844 FEBRUARH
1217 815 1309 853 1554
1328 806 1375 843 ¹.'

199 891 285 928 Sibi
302 891 480 927 attribuit
497 891 601 939 quod
617 890 768 928 fructus
785 896 969 939 suscepto
983 891 1107 927 labori
1119 902 1198 927 non
1211 891 1470 938 responderit:
1487 897 1530 927 ut
1543 893 1593 928 ab
1607 903 1725 928 onere
1739 893 1837 930 alios

269 950 516 998 gubernandi
546 950 753 997 eximatur,
783 949 1198 998 petit.—Auditorum,
1230 951 1383 986 scholas
1411 956 1563 987 nostras
1588 950 1838 999 frequentan-

271 1011 385 1057 tium,
403 1022 601 1046 numerus.

1005 1091 1029 1127 ,Γ

963 1130 1062 1187 Jhs.

289 1225 449 1270 Gratia
470 1232 515 1270 et
536 1239 624 1281 pax
644 1223 816 1268 domini
837 1223 979 1267 nostri
995 1225 1108 1282 Jesu
1124 1223 1230 1280 Xpi.

290 1302 431 1359 Hogi‚
453 1302 606 1346 Padre
626 1302 762 1354 Rdo.,
787 1300 929 1344 siamo
951 1300 1113 1357 gionto
1135 1301 1177 1343 al
1200 1308 1352 1357 tempo
1374 1302 1449 1345 nel
1471 1302 1605 1358 quale
1625 1302 1839 1347 habiamo

201 1380 390 1424 rendere
411 1379 599 1436 ragione
621 1379 739 1424 della
759 1377 1035 1425 villicatione
1056 1384 1226 1421 nostra:
1252 1393 1333 1434 per
1348 1377 1379 1420 il
1408 1380 1493 1423 che
1514 1378 1771 1423 mandiamo
1793 1381 1837 1425 16

201 1455 532 1512 quadrimestri,
558 1470 638 1513 per
664 1456 707 1499 16
735 1455 885 1511 qualle
912 1455 968 1499 V.
998 1456 1053 1498 R.
1085 1457 1365 1511 cognoscera
1392 1454 1423 1498 il
1450 1469 1566 1512 poco
1587 1457 1729 1499 frutto
1750 1458 1838 1500 che

199 1533 410 1577 habiamo
430 1539 617 1590 operato
638 1533 685 1576 in
702 1539 863 1589 questa
883 1546 967 1576 sua
988 1531 1142 1589 vigna.
1164 1533 1221 1575 Et
1237 1547 1330 1575 non
1351 1532 1428 1589 gia
1443 1534 1609 1589 perche
1631 1534 1660 1575 1'
1686 1533 1837 1578 animo

199 1610 290 1654 mio
312 1625 405 1654 non
427 1610 494 1654 sia
514 1617 633 1654 stato
654 1624 831 1666 sempre
853 1609 1042 1667 grande,
1067 1608 1115 1652 ni
1137 1611 1282 1653 anche
1309 1608 1466 1666 voglio
1487 1609 1684 1665 imputat
1706 1610 1736 1652 li
1758 1625 1834 1654 so-

176 1687 332 1744 'gettit
358 1689 494 1732 mala
521 1675 651 1745 colpa
678 1687 811 1732 viene
838 1701 918 1743 per
945 1687 988 1730 la
1015 1686 1106 1730 mia
1133 1686 1435 1743 ineptitudine
1458 1703 1484 1731 e
1505 1702 1586 1743 per
1606 1687 1697 1730 mio
1718 1702 1834 1744 poco

195 1779 368 1821 sapere,
387 1779 414 1809 e
436 1771 598 1821 questo
619 1766 678 1808 ne
698 1771 820 1808 stato
843 1764 886 1807 la
907 1778 1060 1816 causa,
1086 1779 1167 1820 per
1187 1764 1230 1807 la
1251 1764 1357 1819 qual
1375 1763 1436 1806 mi
1453 1778 1536 1807 son
1552 1778 1702 1807 mosso
1724 1765 1831 1808 nell’

194 1841 352 1886 ultima
373 1842 463 1886 mia
479 1857 506 1885 a
521 1857 714 1899 pregare
735 1843 793 1886 V.
814 1843 870 1885 R.
896 1842 983 1886 che
999 1841 1060 1884 mi
1080 1840 1233 1898 uoglia
1250 1841 1403 1885 leuare
1419 1841 1477 1885 da
1494 1842 1556 1885 tal
1571 1841 1833 1897 preminen-

193 1918 255 1962 tia
276 1934 302 1963 e
322 1919 621 1976 supplire'per
642 1933 835 1976 persona
857 1924 951 1962 atta
972 1933 999 1962 a
1020 1918 1082 1962 tal
1103 1918 1313 1974 impresa,
1338 1918 1456 1961 dalla
1478 1918 1600 1973 qual,
1621 1932 1751 1963 come
1772 1920 1835 1962 ho

191 1996 306 2039 ditto
333 1997 424 2041 nell
451 1997 581 2051 altra,
607 2012 666 2041 ne
692 1996 828 2040 habia
857 1997 914 2039 da
942 1995 1150 2052 riportar'
1175 1994 1542 2039 amaestramenti
1564 2010 1589 2039 e
1613 1995 1832 2039 dottrina:

190 2088 216 2117 e
237 2074 295 2116 de
315 2073 386 2117 cio
409 2075 472 2131 (se
494 2075 520 2117 6
540 2074 677 2130 licito)
701 2074 744 2117 16
767 2073 972 2130 supplico
997 2087 1022 2116 e
1044 2086 1189 2129 prego
1212 2072 1244 2114 ².

281 2151 407 2194 Hora
428 2158 597 2207 quanto
619 2152 677 2195 V.
703 2152 758 2194 R.
784 2149 848 2193 mi
869 2149 1051 2206 impone
1072 2151 1158 2193 che
1180 2148 1333 2206 voglia
1354 2148 1554 2193 scriuere
1578 2164 1604 2192 a
1626 2150 1662 2192 F
1664 2164 1832 2199 errara,

191 2242 283 2271 non
304 2242 440 2284 posso
460 2229 704 2272 manchare
726 2242 806 2284 per
827 2229 871 2271 la
892 2226 1166 2280 obedientia3
1192 2241 1265 2269 ma
1292 2226 1442 2281 quella
1470 2226 1595 2282 sapia
1618 2228 1702 2271 che
1723 2226 1767 2269 io
1788 2228 1833 2269 10

193 2304 311 2347 facio
330 2305 420 2348 mal
444 2304 712 2358 voluntiera,
737 2319 830 2348 non
851 2304 929 2362 gia
949 2319 1030 2361 per
1050 2303 1299 2360 oppinione
1320 2302 1491 2346 cattiua
1512 2305 1584 2346 ch'
1610 2303 1651 2346 io
1674 2310 1828 2359 tenga,

193 2396 267 2425 ma
287 2396 367 2438 per
388 2382 432 2425 lo
453 2385 592 2425 amor'
618 2382 800 2439 proprio
816 2388 862 2426 et
883 2381 1122 2426 affectione
1143 2382 1215 2423 ch'
1240 2379 1283 2423 io
1305 2387 1435 2423 sento
1463 2395 1556 2423 non
1578 2380 1638 2422 mi
1670 2382 1830 2422 hauer’

194 2460 459 2503 totalmente
490 2459 730 2516 spogliat03
763 2474 788 2503 e
814 2474 896 2516 per
927 2465 1089 2514 questo
1116 2458 1280 2501 voleua
1308 2459 1452 2500 anche
1480 2458 1661 2514 pregar'
1686 2458 1742 2500 V.
1770 2458 1826 2500 R.

192 2550 352 2592 apreso
379 2536 464 2580 alla
490 2536 656 2579 santita
685 2536 840 2580 diuina
868 2537 901 2589 ⁵,
926 2538 1011 2579 che
1033 2535 1181 2591 quella
1211 2535 1329 2579 fosse
1355 2541 1568 2578 contenta
1595 2550 1621 2577 a
1649 2548 1738 2576 non
1768 2532 1830 2576 mi

192 2614 394 2657 mandar'
419 2613 466 2657 in
486 2614 589 2657 loco
610 2614 688 2670 pisi
709 2613 962 2670 propinquo
983 2613 1070 2656 alla
1090 2611 1252 2668 patria,
1277 2611 1322 2654 di
1345 2612 1495 2668 quello
1523 2613 1594 2654 ch’
1620 2611 1662 2653 io
1684 2610 1745 2652 mi
1768 2611 1826 2653 ri»

266 2734 276 2754 ¹
326 2733 385 2768 Ex
403 2734 644 2780 autographo
662 2732 703 2769 in
719 2734 796 2769 vol.
816 2734 862 2780 E,
882 2732 999 2768 unico
1018 2732 1128 2777 folio’,
1147 2744 1187 2767 n.
1206 2730 1247 2766 31
1269 2731 1377 2778 prius
1395 2739 1460 2775 42.

259 2794 274 2813 Β
324 2790 409 2827 Sibi
427 2791 523 2827 vitio
540 2792 661 2827 vertit
678 2793 900 2836 Ferrarese,
919 2791 1023 2840 quod
1041 2791 1107 2827 alii
1121 2790 1208 2826 aliis
1222 2789 1474 2826 tribuendum
1489 2800 1577 2824 esse
1592 2787 1831 2823 sentiebant.

191 2849 293 2885 Vide
315 2850 440 2896 Epist.
465 2851 630 2892 Mixtae,
659 2856 687 2887 t.
718 2861 776 2898 111,
807 2850 925 2899 epist.
956 2851 1041 2895 655,
1068 2861 1159 2898 pag.
1183 2858 1268 2895 442,
1294 2849 1361 2884 ubi
1379 2848 1428 2884 de
1453 2847 1614 2883 Cervini
1644 2846 1832 2882 cardinali

193 2907 318 2945 Olave
342 2908 491 2944 scribit:
517 2910 602 2945 «He
628 2910 772 2946 notado
793 2922 869 2958 que
893 2912 978 2946 esta
1002 2921 1095 2956 muy
1119 2909 1377 2944 deseontento
1400 2907 1449 2942 de
1470 2906 1670 2952 Augubio‚
1694 2916 1762 2952 por
1786 2907 1822 2941 el

193 2979 291 3015 poco
309 2967 637 3014 agradecimiento
654 2981 730 3017 que
747 2971 797 3005 ha
814 2969 1009 3005 mostrado
1025 2971 1047 3004 a
1064 2969 1102 3004 la
1119 2968 1347 3015 Compaiiia,
1365 2979 1391 3013 y
1414 2976 1510 3013 poco
1535 2969 1652 3011 gusto
1674 2975 1750 3011 que
1776 2976 1827 3000 en

193 3038 305 3062 cosas
322 3027 371 3062 de
391 3027 529 3074 spiritu
546 3029 604 3064 los
621 3029 803 3064 hombres
820 3029 869 3064 de
887 3030 999 3076 aque]
1019 3029 1162 3075 pueblo
1179 3033 1311 3063 toman
1332 3039 1380 3061 ..»

268 3087 283 3107 ³
332 3086 405 3121 Ms.
421 3097 454 3122 s.
472 3087 538 3123 d.⁰
