2014 3470
704 277 728 314 6
755 277 1005 315 Novmfflms
1034 286 1127 324 1554
1621 278 1692 325 435

202 381 463 438 Inscripiio:
501 382 589 424 Ihs.
631 382 692 425 Al
728 395 839 437 muy
875 380 988 425 Rdo.
1025 395 1056 437 y
1090 379 1354 425 charissimo
1392 354 1541 425 Padre
1571 384 1662 424 mio
1691 397 1749 427 en

105 457 312 512 Christo,
338 459 379 503 el
402 460 456 502 P.
482 460 616 502 Mtro.
645 458 861 511 Polanco,
885 457 943 501 de
963 458 1007 501 13
1027 458 1278 514 Compafiia
1299 457 1357 501 de
1381 459 1532 516 Jesus,
1558 465 1666 513 ete.‚
1691 473 1750 503 en

109 535 273 579 Roma.

873 771 997 812 895

458 872 931 911 BARTHOLOMAEUS
956 873 1027 908 DE
1051 872 1413 910 BUSTAMANTE

485 958 672 1001 PATRI
703 957 965 1001 IGNATIO
998 957 1080 1000 DE
1112 957 1367 1001 LOYOLA

561 1059 801 1087 PLACENTIA
825 1051 847 1086 6
873 1058 1113 1087 Novmfflms
1141 1058 1232 1096 1554
1261 1054 1286 1086 ¹.

106 1136 295 1173 Virorum
309 1134 526 1183 principum
541 1146 634 1180 erga
647 1133 885 1170 Societatem
900 1135 996 1180 Jesu
1010 1133 1181 1170 studium
1196 1134 1569 1180 singulare.—Nova
1582 1134 1749 1181 collegia

184 1195 352 1231 offerunt
368 1194 622 1238 instituenda,
642 1193 812 1229 marchio
830 1193 880 1229 de
898 1193 1065 1238 Villena,
1084 1193 1249 1229 antistes
1267 1193 1467 1230 ovetensis
1485 1199 1525 1229 et
1549 1205 1682 1230 comes
1699 1194 1748 1230 de

184 1255 376 1301 Oropesa.
393 1253 565 1289 -Venit
600 1253 740 1299 Borgia
777 1252 1046 1299 Septimancas
1060 1282 1069 1299 ,
1105 1253 1401 1300 Salmanticam,
1436 1252 1747 1289 Placentiam.—

184 1313 406 1350 Conciones
424 1311 741 1348 habet.—Socios
760 1310 800 1346 in
817 1310 992 1347 diversas
1010 1317 1141 1358 partes
1158 1310 1511 1348 mittit.-Faustus
1535 1312 1747 1349 Societatis

143 1363 146 1365 v
184 1384 321 1409 cursus
340 1376 379 1407 et
397 1371 693 1407 incrementum.

916 1453 938 1487 ,Γ

882 1490 972 1532 Ihs.

203 1588 312 1643 Muy
330 1586 447 1629 Rdo.
470 1585 617 1628 Padre
633 1591 820 1628 nuestro
836 1599 894 1628 en
909 1583 1104 1628 Christo.
1123 1585 1189 1628 La
1205 1599 1381 1628 summa
1403 1585 1557 1642 gracia
1577 1601 1607 1643 y
1624 1600 1749 1631 amor

106 1670 272 1708 eterno
309 1659 366 1706 (ΤΕ
403 1661 514 1706 Dios
550 1668 736 1706 nuestro
773 1667 911 1706 senor
948 1676 1026 1706 sea
1058 1661 1249 1718 siempre
1280 1677 1338 1706 en
1373 1662 1504 1706 fauor
1533 1678 1563 1720 y
1600 1663 1750 1719 ayuda

106 1741 172 1784 de
193 1741 249 1784 V,
278 1742 354 1784 P.t

203 1818 411 1872 Despues
433 1816 490 1858 de
511 1814 678 1871 scripta
693 1815 736 1858 13
753 1829 843 1870 que
858 1830 916 1858 va
931 1828 989 1858 en
1010 1821 1107 1860 este
1128 1815 1295 1872 pliego,
1315 1816 1389 1860 del
1407 1818 1460 1860 P.
1486 1817 1523 1860 F
1525 1815 1744 1874 rancisco,

108 1909 189 1939 me
212 1893 378 1936 mando
400 1907 454 1936 su
477 1891 738 1936 reuerencia
759 1892 959 1937 escreuir
975 1899 1088 1945 esta,
1108 1906 1163 1936 en
1182 1907 1271 1948 que
1286 1892 1411 1937 diese
1427 1893 1552 1937 aviso
1568 1897 1595 1937 3
1611 1895 1668 1938 V.
1692 1895 1744 1937 P.

108 1972 172 2015 de
193 1971 238 2014 10
261 1984 350 2026 que
372 1970 567 2026 despues
588 1969 644 2012 de
666 1969 709 2012 13
729 1969 803 2013 del
823 1984 919 2014 mes
940 1970 1108 2026 pasado
1130 1984 1179 2014 se
1201 1971 1353 2026 ofrece
1375 1984 1465 2027 que
1486 1971 1640 2023 saber,
1665 1971 1747 2014 de-

108 2051 211 2091 mas
231 2047 354 2091 delo
383 2060 471 2102 que
498 2060 555 2091 en
585 2060 640 2089 su
672 2052 794 2089 carta
822 2045 944 2100 dize3
974 2060 1147 2103 porque
1175 2047 1287 2090 cada
1309 2048 1383 2090 dia
1404 2062 1461 2104 ay
1482 2061 1612 2091 cosas
1632 2062 1748 2094 nue-

113 2139 212 2177 uas,
238 2138 326 2180 que
347 2138 432 2180 por
453 2122 603 2168 medio
625 2123 699 2166 del
723 2123 871 2166 Padre
892 2124 1002 2166 obra
1022 2123 1066 2166 13
1087 2123 1242 2167 diuina
1262 2139 1397 2168 mano
1419 2139 1476 2170 en
1498 2131 1748 2182 augmento

110 2202 172 2246 de
193 2202 237 2244 13
257 2201 507 2257 Compafiia
533 2215 563 2256 y
594 2201 760 2243 mucha
785 2199 1050 2244 edificaciOn
1077 2201 1134 2244 de
1160 2201 1228 2244 los
1254 2201 1498 2257 proximos.
1524 2202 1645 2247 Sean
1665 2202 1748 2245 da-

112 2277 196 2320 das
217 2276 418 2320 infinitas
441 2275 618 2333 gracias
640 2276 682 2319 al
703 2275 923 2332 principal
949 2278 1114 2331 author
1141 2277 1292 2322 destas
1320 2278 1470 2332 obras‚
1501 2292 1591 2334 que
1612 2281 1676 2322 asi
1699 2293 1749 2323 se

108 2354 256 2411 digna
277 2353 335 2398 de
356 2353 500 2396 lleuar
521 2353 730 2397 adelante
750 2353 794 2396 10
816 2367 906 2409 que
935 2369 991 2398 en
1014 2368 1068 2396 su
1096 2360 1253 2397 sancto
1275 2355 1464 2399 nombre
1489 2370 1520 2411 y
1541 2369 1628 2398 con
1651 2355 1749 2400 zelo

111 2431 173 2475 de
195 2444 248 2474 su
270 2444 426 2486 mayor
448 2429 591 2486 gloria
612 2444 642 2485 y
664 2429 820 2473 diuino
841 2426 1036 2474 seruicio
1059 2445 1108 2474 se
1134 2430 1384 2486 comienca.

207 2507 257 2551 Ε]
283 2508 494 2562 marques
516 2506 572 2549 de
596 2505 775 2550 Villena
796 2506 810 2526 ²
835 2520 885 2549 se
902 2507 959 2549 ha
975 2507 1204 2550 mostrado
1222 2513 1300 2550 tan
1316 2507 1503 2562 denoto,
1522 2508 1750 2554 mediante

189 2667 201 2688 ¹
250 2666 310 2700 Ex
328 2665 567 2712 autographo
586 2664 626 2700 in
643 2665 721 2700 vol.
742 2665 790 2712 E,
808 2664 954 2713 duplici
972 2665 1077 2710 folio,
1099 2677 1138 2701 n.
1161 2665 1241 2711 143,
1260 2667 1367 2714 prius
1384 2666 1468 2714 355,
1487 2667 1570 2713 356.

187 2729 201 2747 ²
250 2722 422 2759 Didacus
441 2724 572 2770 Lopez
589 2724 781 2770 Pacheco,
799 2724 879 2760 dux
897 2725 955 2759 III
972 2724 1021 2760 de
1038 2725 1242 2772 Escalona,
1261 2726 1432 2762 marchio
1445 2726 1494 2762 de
1512 2726 1681 2771 Villena,
1700 2726 1750 2762 de

107 2794 190 2831 quo
208 2782 413 2818 videantur
430 2783 562 2830 Epist.
586 2782 751 2825 Mixtae,
772 2788 801 2818 t.
826 2793 883 2830 111,
902 2795 995 2831 pag.
1020 2783 1348 2831 213.-BURGOS,
1376 2786 1528 2821 Blason
1553 2787 1600 2822 de
1624 2787 1751 2832 Espa-

108 2847 183 2884 aa,
203 2847 232 2877 t.
251 2850 294 2887 11,
311 2853 400 2888 pag.
419 2840 503 2886 317,
524 2847 677 2888 tempus
695 2842 840 2878 omittit
863 2842 947 2889 ejus
966 2842 1116 2887 mortis,
1142 2855 1219 2890 qua
1243 2844 1453 2880 omissione
1480 2856 1614 2880 ansam
1641 2855 1750 2892 prae—

112 2901 202 2936 buit
218 2906 261 2936 ut
277 2900 580 2936 confunderetur
597 2900 770 2936 Didacus
786 2912 875 2937 cum
893 2901 1101 2937 Francisco
1120 2901 1313 2949 Pacheco,
1329 2902 1429 2939 duce
1447 2904 1503 2940 lV
1521 2903 1571 2939 de
1595 2904 1750 2940 Esealo-

113 2971 180 3006 na,
199 2959 418 2995 marchione
437 2959 553 2995 etiam
571 2959 620 2994 de
641 2959 809 3002 Villena,
834 2960 901 3007 qui
926 2959 1007 2995 fato
1032 2960 1154 2996 cessit
1171 2970 1193 2996 2
1213 2961 1359 3008 Aprilis
1389 2970 1493 3008 1574.
1521 2962 1575 2998 At
1598 2974 1648 2998 ex
1673 2963 1734 2999 Po

116 3027 273 3063 LANCO,
292 3023 321 3053 t.
340 3026 397 3064 v1‚
415 3029 504 3065 pag.
524 3018 609 3064 629,
627 3030 666 3054 n.
687 3026 795 3065 2710,
813 3018 1000 3055 discimus
1018 3019 1127 3055 illum
1144 3020 1302 3067 quidem
1326 3032 1428 3057 anno
1449 3021 1540 3066 1556
1556 3020 1661 3057 diem
1688 3034 1751 3058 su-

114 3088 295 3124 premum
314 3077 472 3113 obiisse.
