2034 3476
834 292 877 331 19
893 285 1002 332 Jum
1031 291 1122 329 1554
1675 291 1742 329 251

152 394 232 432 tan
254 389 297 431 al
317 389 548 446 proposito
567 405 598 447 y
620 387 864 433 necesidad
884 387 959 430 del
979 385 1192 442 collegio,
1218 385 1395 430 tendria
1415 399 1474 440 yo
1491 399 1573 442 por
1589 398 1706 441 poco
1723 385 1796 428 in-

155 466 472 520 conueniente,
497 481 557 510 no
578 466 772 512 aviendo
793 470 1104 521 mayormente
1125 463 1169 506 13
1190 463 1442 519 Compafiia
1463 463 1519 513 de
1536 468 1658 506 estat
1679 461 1788 505 obli-

158 543 277 599 gada
297 547 324 587 3
344 544 410 586 135
433 544 546 589 tales
567 544 856 601 capellanias.

246 621 317 663 De
338 621 381 664 la
401 621 665 665 conclusion
686 624 713 664 ό
735 618 990 674 165011161011
1011 631 1101 674 que
1121 617 1345 662 vieremos
1368 632 1423 662 en
1443 617 1612 671 averla,
1631 630 1681 661 se
1698 615 1798 659 avi-

159 700 259 740 5313
279 697 382 750 3113,
407 712 496 741 6011
517 699 560 741 61
580 699 730 754 ayuda
746 697 820 741 del
836 697 998 748 Sefior,
1022 710 1052 751 y
1067 694 1225 751 pienso
1243 709 1332 750 que
1349 701 1518 750 presto,
1538 707 1714 750 porque
1729 693 1798 737 las

159 788 374 830 personas
395 779 524 818 estan
547 775 700 818 caldas
720 789 750 830 y
772 774 876 817 bien
904 772 1174 828 dispuestas:
1195 771 1340 828 gloria
1364 786 1441 815 sea
1462 771 1505 814 al
1527 771 1688 815 Sefior.

248 852 311 895 M.
350 850 588 896 Desiderio
616 851 832 895 continua
859 851 928 893 los
962 847 1202 905 domingos
1242 849 1286 891 13
1315 847 1522 891 doctrina
1556 846 1737 903 xpiana.
1770 850 1798 890 3

158 928 202 971 13
221 927 375 981 missa,
400 929 548 972 donde
571 928 735 973 vienen
756 929 824 971 los
851 927 1078 971 escolares
1104 941 1134 982 y
1160 932 1282 969 otras
1309 939 1541 982 personas,
1566 939 1596 980 y
1617 938 1690 967 me
1712 939 1797 980 pa-

160 1019 287 1060 16566
308 1019 398 1061 que
419 1020 469 1050 se
490 1005 702 1049 entiende
723 1007 853 1049 harto
875 1004 997 1056 bien,
1021 1019 1052 1060 y
1074 1017 1163 1060 que
1184 1003 1228 1046 la
1253 1003 1354 1047 dize
1380 1006 1407 1046 3
1434 1001 1622 1045 vtilidad
1644 1016 1674 1058 y
1696 1001 1794 1046 edi—

161 1082 367 1126 ficaciOn.
394 1083 606 1127 Confiesa
628 1082 824 1126 tambien
843 1086 869 1126 3
886 1082 1095 1138 algunos,
1115 1095 1145 1136 y
1162 1080 1288 1125 suele
1304 1094 1357 1136 yr
1373 1080 1416 1123 al
1431 1078 1626 1135 hospital
1643 1082 1669 1121 3
1686 1092 1799 1122 con-

161 1160 296 1212 fesar,
315 1174 346 1215 y
361 1174 411 1204 se
426 1174 574 1216 ocupa
589 1174 675 1203 con
691 1174 770 1203 sus
786 1159 1024 1211 escolares;
1043 1173 1074 1213 y
1090 1159 1153 1201 M.
1175 1156 1330 1200 Pietro
1353 1158 1363 1178 ¹
1384 1171 1433 1200 es
1450 1155 1556 1200 bien
1578 1154 1799 1212 diligente

164 1251 251 1280 con
271 1237 340 1280 los
360 1251 514 1293 suyos3
540 1251 570 1292 y
586 1236 789 1280 Antonio
807 1237 821 1257 ²
840 1237 954 1279 haze
969 1236 1135 1278 mucho
1152 1249 1210 1278 en
1227 1241 1323 1277 este
1340 1232 1549 1289 collegio,
1570 1247 1599 1288 y
1615 1233 1674 1275 da
1689 1247 1800 1288 muy

162 1314 314 1359 buena
334 1313 598 1369 edificacion
619 1329 649 1370 y
669 1315 782 1357 haze
803 1314 1031 1370 provecho
1057 1327 1144 1355 6011
1177 1327 1255 1355 5115
1283 1310 1594 1356 exortaciones
1616 1324 1646 1365 y
1667 1323 1794 1352 razo-

162 1390 418 1434 namientos
439 1389 747 1446 particulares.
774 1391 844 1433 Yo
866 1389 1049 1446 predico
1070 1374 1138 1432 los
1159 1387 1401 1444 domingos
1422 1402 1479 1430 en
1502 1393 1604 1430 sant
1626 1387 1801 1430 Loren-

163 1481 233 1519 zo,
258 1482 288 1523 y
308 1467 435 1511 suelo
456 1482 539 1522 oyr
559 1467 751 1523 algunas
779 1466 1080 1511 confesiones.
1111 1465 1266 1509 Cierto
1295 1464 1473 1507 tratado
1501 1479 1589 1520 que
1621 1478 1695 1508 me
1716 1479 1798 1508 en—

163 1547 302 1601 631ςὸ
324 1546 386 1588 M.
415 1545 613 1587 Polanco
629 1544 686 1588 de
699 1543 1059 1599 frequentatione
1076 1541 1423 1593 communionis,
1443 1544 1540 1584 esta
1557 1554 1797 1596 suspenso,

163 1634 338 1677 porque
355 1635 414 1664 no
430 1622 489 1665 he
506 1620 622 1664 visto
639 1622 804 1664 mucha
818 1619 1092 1677 disposicion
1108 1619 1165 1662 de
1182 1618 1383 1663 estudiar
1400 1631 1458 1661 en
1476 1618 1578 1660 ello:
1600 1616 1798 1673 pudien-

163 1698 240 1750 do,
270 1701 516 1754 procurare
543 1712 629 1740 con
659 1698 701 1740 el
728 1698 877 1753 ayuda
898 1697 972 1741 del
994 1697 1141 1742 Sefior
1168 1697 1226 1738 de
1252 1697 1389 1739 hazer
1411 1695 1454 1737 lo
1477 1709 1567 1749 que
1589 1693 1794 1750 pudiere,

167 1789 252 1831 por
272 1774 506 1819 satisfazer
527 1775 568 1817 al
591 1774 732 1817 orden
753 1775 811 1817 de
832 1775 876 1817 la
900 1772 1167 1817 obediencia
1189 1773 1221 1815 ³.
1243 1773 1312 1815 En
1337 1778 1464 1815 tanto
1485 1771 1590 1828 pido
1619 1785 1708 1827 que
1731 1785 1804 1814 me

168 1851 369 1907 perdone
400 1851 442 1895 el
470 1852 524 1894 P.
556 1851 640 1894 M.⁰
670 1851 884 1894 Polanco.
917 1851 1069 1894 Todos
1101 1856 1296 1894 estamos
1330 1849 1506 1891 buenos
1539 1863 1621 1904 por
1657 1847 1807 1904 gratia

169 1928 243 1970 del
273 1928 436 1980 Sefior,
475 1943 504 1984 y
539 1943 625 1971 nos
661 1927 1042 1972 encomendamos
1070 1942 1128 1971 en
1164 1927 1230 1969 las
1266 1925 1500 1980 oraciones
1522 1925 1580 1968 de
1602 1926 1660 1968 V.
1689 1926 1741 1968 P.
1776 1939 1807 1980 y

170 2005 226 2048 de
247 2005 317 2048 105
335 2006 504 2050 Ρ3(1165
527 2020 556 2061 y
573 2007 814 2048 hermanos
837 2019 895 2048 en
917 2005 960 2048 el
982 2005 1130 2049 Sefior
1146 2009 1349 2055 nuestro,
1369 2003 1411 2045 el
1436 2002 1542 2057 qual
1565 2017 1643 2046 sea
1669 2001 1808 2045 siem-

167 2096 248 2138 pre
269 2096 356 2125 con
378 2083 524 2134 todos,
549 2083 787 2126 dandonos
809 2097 862 2126 su
885 2090 1015 2126 santa
1037 2081 1184 2139 gratia
1210 2095 1240 2137 y
1269 2095 1408 2124 amor.
1435 2081 1602 2123 Amen.
1634 2081 1704 2123 De
1727 2080 1809 2122 Ti-

170 2158 260 2201 voli
288 2171 340 2216 19
360 2159 418 2203 de
433 2158 556 2217 Julio
582 2170 709 2215 1554.
730 2161 788 2203 D.
814 2161 873 2204 V.
901 2162 954 2203 P.
980 2159 1130 2202 siervo
1152 2157 1299 2212 invtil,

1349 2235 1567 2278 ANDRES.

249 2427 260 2447 ¹
310 2426 450 2461 Petrus
481 2426 675 2462 Pradene.
709 2425 804 2462 Pius
838 2413 911 2462 hic·
931 2425 1005 2472 vir,
1037 2425 1194 2461 natione
1223 2425 1372 2470 gallus,
1402 2424 1469 2471 qui
1500 2434 1641 2470 pueros
1677 2423 1811 2468 legere

103 2522 108 2525 ,
174 2483 355 2531 docebat,
374 2485 438 2520 «in
457 2485 694 2521 Societatem
713 2485 866 2521 admitti
883 2486 1029 2521 Romae
1044 2485 1218 2531 petebat,
1233 2483 1303 2519 sed
1316 2483 1407 2530 quia
1421 2482 1603 2518 sacerdos
1621 2487 1661 2517 et
1675 2493 1810 2528 parum

175 2543 349 2579 eruditus
367 2549 464 2591 erat,
480 2545 621 2580 missus
636 2543 711 2580 fuit
728 2546 865 2591 Tybur
882 2550 926 2580 ut
942 2545 986 2580 P.
1012 2542 1262 2579 Desiderium
1279 2542 1320 2579 in
1344 2542 1488 2578 scholis
1508 2542 1680 2588 juvaret,
1699 2546 1741 2576 ut
1759 2541 1815 2575 ita

173 2602 389 2649 periculum
406 2603 519 2639 fieret
535 2616 585 2639 an
603 2603 651 2639 ad
668 2603 907 2640 Societatem
926 2602 1089 2638 idoneus
1107 2601 1262 2638 futurus
1286 2606 1407 2646 esset3
1434 2601 1499 2636 ille
1518 2612 1626 2645 vero,
1642 2611 1730 2635 cum
1749 2599 1817 2634 ali-

174 2661 346 2708 quandiu
362 2662 593 2708 diligentem
610 2674 767 2710 operam
785 2663 916 2710 pueris
934 2667 1134 2708 navasset,
1153 2667 1245 2697 vota
1258 2660 1467 2696 Societatis
1483 2664 1622 2706 sponte
1638 2670 1708 2694 sua
1722 2657 1817 2694 erni-

176 2719 242 2765 sit,
262 2725 303 2756 et
319 2721 386 2764 ita,
406 2728 584 2758 retentus
602 2722 748 2758 ibidem
767 2724 910 2758 multos
928 2733 1065 2767 annos,
1085 2722 1171 2756 Deo
1195 2720 1235 2756 in
1261 2719 1459 2756 Societate
1477 2720 1637 2766 Tybure
1656 2717 1818 2754 inservi-

176 2779 247 2824 vit,
268 2785 307 2814 et
324 2791 413 2815 cum
432 2781 578 2828 optima
595 2781 867 2818 aedificatione
884 2781 991 2817 domi
1008 2786 1048 2816 et
1065 2779 1160 2816 foris
1179 2791 1222 2816 se
1245 2779 1418 2826 gessit.»
1444 2779 1688 2823 POLANCUS,
1712 2782 1742 2812 t.
1760 2785 1821 2823 lv,

177 2849 270 2885 pag.
296 2838 421 2884 22-23,
440 2851 479 2875 n.
501 2840 566 2876 26.

256 2900 270 2920 ²
322 2898 517 2934 Antonius
535 2899 584 2934 de
601 2900 770 2935 Robore.

247 2958 262 2978 ³
312 2956 600 3004 Opus-Oviedo
624 2969 700 2994 non
724 2959 907 3004 absolvit3
933 2958 1044 2994 «ideo
1074 2959 1221 2994 Doctor
1247 2957 1551 3003 Christophorus
1582 2953 1813 2996 Madridius,

177 3021 266 3063 post
283 3016 368 3063 ejus
386 3015 571 3063 [Oviedo]
588 3029 802 3064 recessum,
821 3029 871 3054 ex
894 3017 1119 3054 obedientia
1142 3018 1245 3052 hunc
1269 3022 1478 3052 tractatum
1505 3013 1714 3050 confecit.»
1740 3013 1822 3049 Po-

173 3083 359 3118 LANCUS,
377 3076 474 3119 ibid,
494 3089 532 3113 n.
553 3076 766 3122 35.-Vide
783 3089 883 3124 quae
901 3077 1070 3113 diximus
1089 3077 1129 3113 in
1147 3076 1347 3112 notatione
1367 3085 1388 3110 2
1407 3074 1455 3110 ad
1474 3075 1577 3109 hunc
1597 3074 1745 3109 locum.
