<?xml version="1.0" encoding="UTF-8"?>
<!DOCTYPE html PUBLIC "-//W3C//DTD XHTML 1.0 Transitional//EN"
    "http://www.w3.org/TR/xhtml1/DTD/xhtml1-transitional.dtd">
<html xmlns="http://www.w3.org/1999/xhtml" xml:lang="en" lang="en">
 <head>
  <title>
</title>
<meta http-equiv="Content-Type" content="text/html;charset=utf-8" />
  <meta name='ocr-system' content='tesseract 3.04.00' />
  <meta name='ocr-capabilities' content='ocr_page ocr_carea ocr_par ocr_line ocrx_word'/>
</head>
<body>
  <div class='ocr_page' id='page_1' title='image "./epistolaemixtaee04matruoft_0357.png"; bbox 0 0 2034 3476; ppageno 0'>
   <div class='ocr_carea' id='block_1_1' title="bbox 747 289 1737 336">
    <p class='ocr_par' dir='ltr' id='par_1_1' title="bbox 747 289 1737 336">
     <span class='ocr_line' id='line_1_1' title="bbox 747 289 1737 336; baseline -0.002 -8"><span class='ocrx_word' id='word_1_1' title='bbox 747 291 793 328; x_wconf 84' lang='lat'>23</span> <span class='ocrx_word' id='word_1_2' title='bbox 818 292 1082 329; x_wconf 67' lang='lat' dir='ltr'>Sssmmnms</span> <span class='ocrx_word' id='word_1_3' title='bbox 1111 298 1202 336; x_wconf 85' lang='lat'>1554</span> <span class='ocrx_word' id='word_1_4' title='bbox 1672 289 1737 336; x_wconf 87' lang='lat'>351</span> 
     </span>
    </p>
   </div>
   <div class='ocr_carea' id='block_1_2' title="bbox 150 391 1788 1297">
    <p class='ocr_par' dir='ltr' id='par_1_2' title="bbox 153 391 1788 528">
     <span class='ocr_line' id='line_1_2' title="bbox 153 391 1788 448; baseline -0.003 -7"><span class='ocrx_word' id='word_1_5' title='bbox 153 399 327 441; x_wconf 89' lang='lat' dir='ltr'>hauere</span> <span class='ocrx_word' id='word_1_6' title='bbox 349 394 655 439; x_wconf 87' lang='lat' dir='ltr'><strong>misericordia</strong></span> <span class='ocrx_word' id='word_1_7' title='bbox 677 395 735 437; x_wconf 92' lang='lat' dir='ltr'>de</span> <span class='ocrx_word' id='word_1_8' title='bbox 756 393 863 438; x_wconf 90' lang='lat' dir='ltr'>tutti</span> <span class='ocrx_word' id='word_1_9' title='bbox 883 392 1010 446; x_wconf 92' lang='lat' dir='ltr'>nuoi,</span> <span class='ocrx_word' id='word_1_10' title='bbox 1034 399 1080 436; x_wconf 91' lang='lat' dir='ltr'>et</span> <span class='ocrx_word' id='word_1_11' title='bbox 1101 391 1221 436; x_wconf 90' lang='lat' dir='ltr'>darsi</span> <span class='ocrx_word' id='word_1_12' title='bbox 1242 392 1285 436; x_wconf 91' lang='lat' dir='ltr'>la</span> <span class='ocrx_word' id='word_1_13' title='bbox 1312 391 1648 448; x_wconf 88' lang='lat' dir='ltr'>perseuerantia</span> <span class='ocrx_word' id='word_1_14' title='bbox 1671 393 1788 437; x_wconf 88' lang='lat' dir='ltr'>nelle</span> 
     </span>
     <span class='ocr_line' id='line_1_3' title="bbox 154 470 1010 528; baseline -0.005 -11"><span class='ocrx_word' id='word_1_15' title='bbox 154 475 308 518; x_wconf 90' lang='lat' dir='ltr'>buone</span> <span class='ocrx_word' id='word_1_16' title='bbox 328 479 374 516; x_wconf 93' lang='lat' dir='ltr'>et</span> <span class='ocrx_word' id='word_1_17' title='bbox 396 478 525 516; x_wconf 86' lang='lat' dir='ltr'>sante</span> <span class='ocrx_word' id='word_1_18' title='bbox 542 471 721 528; x_wconf 89' lang='lat' dir='ltr'>inprese</span> <span class='ocrx_word' id='word_1_19' title='bbox 743 470 814 514; x_wconf 85' lang='lat' dir='ltr'>sin</span> <span class='ocrx_word' id='word_1_20' title='bbox 834 471 878 514; x_wconf 86' lang='lat' dir='ltr'>al</span> <span class='ocrx_word' id='word_1_21' title='bbox 903 470 1010 514; x_wconf 90' lang='lat' dir='ltr'>fine.</span> 
     </span>
    </p>

    <p class='ocr_par' dir='ltr' id='par_1_3' title="bbox 150 546 1788 1065">
     <span class='ocr_line' id='line_1_4' title="bbox 242 546 1782 599; baseline -0.002 -6"><span class='ocrx_word' id='word_1_22' title='bbox 242 549 331 594; x_wconf 63' lang='lat' dir='ltr'>Gissa</span> <span class='ocrx_word' id='word_1_23' title='bbox 351 548 516 594; x_wconf 87' lang='lat' dir='ltr'>scrisse</span> <span class='ocrx_word' id='word_1_24' title='bbox 535 562 666 592; x_wconf 89' lang='lat' dir='ltr'>come</span> <span class='ocrx_word' id='word_1_25' title='bbox 695 562 808 592; x_wconf 90' lang='lat' dir='ltr'>sono</span> <span class='ocrx_word' id='word_1_26' title='bbox 835 547 1054 592; x_wconf 89' lang='lat' dir='ltr'>ricercato</span> <span class='ocrx_word' id='word_1_27' title='bbox 1081 547 1126 589; x_wconf 92' lang='lat' dir='ltr'>d’</span> <span class='ocrx_word' id='word_1_28' title='bbox 1157 546 1325 590; x_wconf 87' lang='lat' dir='ltr'>andare</span> <span class='ocrx_word' id='word_1_29' title='bbox 1353 546 1483 590; x_wconf 89' lang='lat' dir='ltr'>fuora</span> <span class='ocrx_word' id='word_1_30' title='bbox 1503 546 1549 589; x_wconf 92' lang='lat' dir='ltr'>di</span> <span class='ocrx_word' id='word_1_31' title='bbox 1579 547 1782 599; x_wconf 85' lang='lat' dir='ltr'>Ferrara,</span> 
     </span>
     <span class='ocr_line' id='line_1_5' title="bbox 151 623 1786 683; baseline -0.002 -14"><span class='ocrx_word' id='word_1_32' title='bbox 151 627 336 683; x_wconf 90' lang='lat' dir='ltr'>quando</span> <span class='ocrx_word' id='word_1_33' title='bbox 356 625 388 668; x_wconf 91' lang='lat' dir='ltr'>il</span> <span class='ocrx_word' id='word_1_34' title='bbox 408 625 568 682; x_wconf 90' lang='lat' dir='ltr'>signor</span> <span class='ocrx_word' id='word_1_35' title='bbox 590 626 680 669; x_wconf 90' lang='lat' dir='ltr'>don</span> <span class='ocrx_word' id='word_1_36' title='bbox 705 624 864 682; x_wconf 92' lang='lat' dir='ltr'>Aluigi</span> <span class='ocrx_word' id='word_1_37' title='bbox 890 626 901 646; x_wconf 82' lang='lat'><em>²</em></span> <span class='ocrx_word' id='word_1_38' title='bbox 924 638 982 667; x_wconf 90' lang='lat' dir='ltr'>va</span> <span class='ocrx_word' id='word_1_39' title='bbox 1010 638 1089 680; x_wconf 86' lang='lat' dir='ltr'>per</span> <span class='ocrx_word' id='word_1_40' title='bbox 1116 623 1214 668; x_wconf 91' lang='lat' dir='ltr'>dire</span> <span class='ocrx_word' id='word_1_41' title='bbox 1241 623 1420 667; x_wconf 91' lang='lat' dir='ltr'>lofficio.</span> <span class='ocrx_word' id='word_1_42' title='bbox 1448 624 1506 667; x_wconf 89' lang='lat' dir='ltr'>V.</span> <span class='ocrx_word' id='word_1_43' title='bbox 1538 625 1592 667; x_wconf 92' lang='lat' dir='ltr'>R.</span> <span class='ocrx_word' id='word_1_44' title='bbox 1625 638 1699 668; x_wconf 91' lang='lat' dir='ltr'>me</span> <span class='ocrx_word' id='word_1_45' title='bbox 1725 623 1786 665; x_wconf 88' lang='lat' dir='ltr'>ri—</span> 
     </span>
     <span class='ocr_line' id='line_1_6' title="bbox 150 701 1788 759; baseline -0.002 -12"><span class='ocrx_word' id='word_1_46' title='bbox 150 702 270 747; x_wconf 86' lang='lat' dir='ltr'>solui</span> <span class='ocrx_word' id='word_1_47' title='bbox 290 703 473 759; x_wconf 91' lang='lat' dir='ltr'>quando</span> <span class='ocrx_word' id='word_1_48' title='bbox 491 717 625 759; x_wconf 90' lang='lat' dir='ltr'>posso</span> <span class='ocrx_word' id='word_1_49' title='bbox 641 702 824 755; x_wconf 89' lang='lat' dir='ltr'>andare,</span> <span class='ocrx_word' id='word_1_50' title='bbox 845 708 892 746; x_wconf 93' lang='lat' dir='ltr'>et</span> <span class='ocrx_word' id='word_1_51' title='bbox 907 707 1078 758; x_wconf 89' lang='lat' dir='ltr'>quanto</span> <span class='ocrx_word' id='word_1_52' title='bbox 1096 707 1250 757; x_wconf 84' lang='lat' dir='ltr'>tempo</span> <span class='ocrx_word' id='word_1_53' title='bbox 1266 715 1402 757; x_wconf 90' lang='lat' dir='ltr'>posso</span> <span class='ocrx_word' id='word_1_54' title='bbox 1418 706 1699 745; x_wconf 89' lang='lat' dir='ltr'>assentarme‘</span> <span class='ocrx_word' id='word_1_55' title='bbox 1715 701 1788 744; x_wconf 88' lang='lat' dir='ltr'>del</span> 
     </span>
     <span class='ocr_line' id='line_1_7' title="bbox 150 777 1787 836; baseline -0.002 -13"><span class='ocrx_word' id='word_1_56' title='bbox 150 779 363 836; x_wconf 88' lang='lat' dir='ltr'>collegio,</span> <span class='ocrx_word' id='word_1_57' title='bbox 387 778 419 821; x_wconf 92' lang='lat' dir='ltr'>il</span> <span class='ocrx_word' id='word_1_58' title='bbox 440 779 591 834; x_wconf 88' lang='lat' dir='ltr'>quale,</span> <span class='ocrx_word' id='word_1_59' title='bbox 610 778 758 836; x_wconf 87' lang='lat' dir='ltr'>gratia</span> <span class='ocrx_word' id='word_1_60' title='bbox 774 779 816 822; x_wconf 91' lang='lat' dir='ltr'>al</span> <span class='ocrx_word' id='word_1_61' title='bbox 831 777 1000 836; x_wconf 87' lang='lat' dir='ltr'>Signor</span> <span class='ocrx_word' id='word_1_62' title='bbox 1016 784 1189 830; x_wconf 87' lang='lat' dir='ltr'>nostro,</span> <span class='ocrx_word' id='word_1_63' title='bbox 1210 793 1267 822; x_wconf 90' lang='lat' dir='ltr'>va</span> <span class='ocrx_word' id='word_1_64' title='bbox 1282 778 1421 821; x_wconf 91' lang='lat' dir='ltr'>molto</span> <span class='ocrx_word' id='word_1_65' title='bbox 1438 778 1573 830; x_wconf 84' lang='lat' dir='ltr'>bene,</span> <span class='ocrx_word' id='word_1_66' title='bbox 1593 784 1640 822; x_wconf 88' lang='lat' dir='ltr'>et</span> <span class='ocrx_word' id='word_1_67' title='bbox 1661 791 1710 821; x_wconf 88' lang='lat' dir='ltr'>se</span> <span class='ocrx_word' id='word_1_68' title='bbox 1726 777 1787 820; x_wconf 88' lang='lat' dir='ltr'>ri—</span> 
     </span>
     <span class='ocr_line' id='line_1_8' title="bbox 151 853 1788 913; baseline -0.002 -13"><span class='ocrx_word' id='word_1_69' title='bbox 151 870 419 900; x_wconf 88' lang='lat' dir='ltr'>nouaranno</span> <span class='ocrx_word' id='word_1_70' title='bbox 435 855 499 913; x_wconf 88' lang='lat' dir='ltr'>gli</span> <span class='ocrx_word' id='word_1_71' title='bbox 515 855 651 911; x_wconf 90' lang='lat' dir='ltr'>studij</span> <span class='ocrx_word' id='word_1_72' title='bbox 671 855 718 898; x_wconf 91' lang='lat' dir='ltr'>in</span> <span class='ocrx_word' id='word_1_73' title='bbox 735 862 865 899; x_wconf 91' lang='lat' dir='ltr'>santo</span> <span class='ocrx_word' id='word_1_74' title='bbox 881 853 1107 911; x_wconf 84' lang='lat' dir='ltr'><strong>Remigio,</strong></span> <span class='ocrx_word' id='word_1_75' title='bbox 1125 854 1362 911; x_wconf 90' lang='lat' dir='ltr'>prohemio</span> <span class='ocrx_word' id='word_1_76' title='bbox 1379 869 1504 898; x_wconf 90' lang='lat' dir='ltr'>more</span> <span class='ocrx_word' id='word_1_77' title='bbox 1520 853 1670 908; x_wconf 88' lang='lat' dir='ltr'>solito,</span> <span class='ocrx_word' id='word_1_78' title='bbox 1690 853 1788 898; x_wconf 79' lang='lat' dir='ltr'>cioe</span> 
     </span>
     <span class='ocr_line' id='line_1_9' title="bbox 151 931 1784 989; baseline -0.001 -14"><span class='ocrx_word' id='word_1_79' title='bbox 151 932 385 977; x_wconf 88' lang='lat' dir='ltr'>recitando</span> <span class='ocrx_word' id='word_1_80' title='bbox 408 932 531 976; x_wconf 87' lang='lat' dir='ltr'>varie</span> <span class='ocrx_word' id='word_1_81' title='bbox 552 931 744 975; x_wconf 88' lang='lat' dir='ltr'>orationi</span> <span class='ocrx_word' id='word_1_82' title='bbox 766 938 812 977; x_wconf 90' lang='lat' dir='ltr'>et</span> <span class='ocrx_word' id='word_1_83' title='bbox 830 931 966 976; x_wconf 90' lang='lat' dir='ltr'>versi.</span> <span class='ocrx_word' id='word_1_84' title='bbox 992 932 1028 974; x_wconf 87' lang='lat'>11</span> <span class='ocrx_word' id='word_1_85' title='bbox 1047 932 1095 976; x_wconf 90' lang='lat' dir='ltr'>S.</span> <span class='ocrx_word' id='word_1_86' title='bbox 1121 932 1179 975; x_wconf 95' lang='lat' dir='ltr'>N.</span> <span class='ocrx_word' id='word_1_87' title='bbox 1199 933 1243 989; x_wconf 90' lang='lat' dir='ltr'>J.</span> <span class='ocrx_word' id='word_1_88' title='bbox 1269 933 1328 975; x_wconf 92' lang='lat' dir='ltr'>X.</span> <span class='ocrx_word' id='word_1_89' title='bbox 1355 931 1563 975; x_wconf 90' lang='lat' dir='ltr'>conserui</span> <span class='ocrx_word' id='word_1_90' title='bbox 1586 931 1629 974; x_wconf 87' lang='lat' dir='ltr'>la</span> <span class='ocrx_word' id='word_1_91' title='bbox 1652 933 1704 974; x_wconf 87' lang='lat' dir='ltr'>P.</span> <span class='ocrx_word' id='word_1_92' title='bbox 1726 932 1784 974; x_wconf 91' lang='lat' dir='ltr'>V.</span> 
     </span>
     <span class='ocr_line' id='line_1_10' title="bbox 152 1007 1538 1065; baseline -0.002 -12"><span class='ocrx_word' id='word_1_93' title='bbox 152 1010 199 1053; x_wconf 93' lang='lat' dir='ltr'>A</span> <span class='ocrx_word' id='word_1_94' title='bbox 220 1008 252 1051; x_wconf 94' lang='lat' dir='ltr'>li</span> <span class='ocrx_word' id='word_1_95' title='bbox 275 1021 330 1052; x_wconf 92' lang='lat'>20</span> <span class='ocrx_word' id='word_1_96' title='bbox 351 1009 409 1052; x_wconf 91' lang='lat' dir='ltr'>de</span> <span class='ocrx_word' id='word_1_97' title='bbox 431 1009 688 1053; x_wconf 86' lang='lat' dir='ltr'>Settembre</span> <span class='ocrx_word' id='word_1_98' title='bbox 716 1018 843 1063; x_wconf 87' lang='lat'><strong>1554.</strong></span> <span class='ocrx_word' id='word_1_99' title='bbox 868 1009 939 1053; x_wconf 93' lang='lat' dir='ltr'>De</span> <span class='ocrx_word' id='word_1_100' title='bbox 961 1009 1017 1052; x_wconf 92' lang='lat' dir='ltr'>V.</span> <span class='ocrx_word' id='word_1_101' title='bbox 1047 1009 1100 1051; x_wconf 92' lang='lat' dir='ltr'>P.</span> <span class='ocrx_word' id='word_1_102' title='bbox 1126 1007 1299 1065; x_wconf 89' lang='lat' dir='ltr'>figliolo</span> <span class='ocrx_word' id='word_1_103' title='bbox 1320 1008 1538 1065; x_wconf 90' lang='lat' dir='ltr'>indegno,</span> 
     </span>
    </p>

    <p class='ocr_par' dir='ltr' id='par_1_4' title="bbox 1070 1086 1601 1143">
     <span class='ocr_line' id='line_1_11' title="bbox 1070 1086 1601 1143; baseline 0.002 -15"><span class='ocrx_word' id='word_1_104' title='bbox 1070 1086 1248 1143; x_wconf 84' lang='lat' dir='ltr'>JOANNI</span> <span class='ocrx_word' id='word_1_105' title='bbox 1274 1087 1601 1129; x_wconf 80' lang='lat' dir='ltr'><strong>PELLETARIO.</strong></span> 
     </span>
    </p>

    <p class='ocr_par' dir='ltr' id='par_1_5' title="bbox 154 1146 1786 1297">
     <span class='ocr_line' id='line_1_12' title="bbox 246 1146 1786 1220; baseline 0.001 -15"><span class='ocrx_word' id='word_1_106' title='bbox 246 1163 504 1218; x_wconf 65' lang='lat' dir='ltr'>Inscrzptio:</span> <span class='ocrx_word' id='word_1_107' title='bbox 525 1162 555 1220; x_wconf 71' lang='lat'><strong>†</strong></span> <span class='ocrx_word' id='word_1_108' title='bbox 577 1163 638 1206; x_wconf 86' lang='lat' dir='ltr'>Al</span> <span class='ocrx_word' id='word_1_109' title='bbox 659 1163 799 1205; x_wconf 79' lang='lat' dir='ltr'>molto</span> <span class='ocrx_word' id='word_1_110' title='bbox 821 1163 936 1206; x_wconf 82' lang='lat' dir='ltr'>Rdo.</span> <span class='ocrx_word' id='word_1_111' title='bbox 961 1161 1009 1204; x_wconf 80' lang='lat' dir='ltr'>in</span> <span class='ocrx_word' id='word_1_112' title='bbox 1030 1163 1089 1205; x_wconf 89' lang='lat' dir='ltr'>X.</span> <span class='ocrx_word' id='word_1_113' title='bbox 1123 1162 1286 1216; x_wconf 80' lang='lat' dir='ltr'>Padre,</span> <span class='ocrx_word' id='word_1_114' title='bbox 1312 1161 1343 1204; x_wconf 82' lang='lat' dir='ltr'>n</span> <span class='ocrx_word' id='word_1_115' title='bbox 1365 1164 1418 1205; x_wconf 89' lang='lat' dir='ltr'>P.</span> <span class='ocrx_word' id='word_1_116' title='bbox 1445 1164 1508 1206; x_wconf 88' lang='lat' dir='ltr'>M.</span> <span class='ocrx_word' id='word_1_117' title='bbox 1534 1146 1625 1205; x_wconf 73' lang='lat' dir='ltr'>do&#39;n</span> <span class='ocrx_word' id='word_1_118' title='bbox 1650 1163 1786 1219; x_wconf 84' lang='lat' dir='ltr'>Igna-</span> 
     </span>
     <span class='ocr_line' id='line_1_13' title="bbox 154 1238 1665 1297; baseline 0 -15"><span class='ocrx_word' id='word_1_119' title='bbox 154 1239 221 1282; x_wconf 89' lang='lat' dir='ltr'>tio</span> <span class='ocrx_word' id='word_1_120' title='bbox 242 1239 317 1283; x_wconf 89' lang='lat' dir='ltr'>del</span> <span class='ocrx_word' id='word_1_121' title='bbox 339 1239 527 1295; x_wconf 89' lang='lat' dir='ltr'>Loyola‚</span> <span class='ocrx_word' id='word_1_122' title='bbox 552 1239 766 1296; x_wconf 84' lang='lat' dir='ltr'>generale</span> <span class='ocrx_word' id='word_1_123' title='bbox 786 1239 904 1282; x_wconf 87' lang='lat' dir='ltr'>della</span> <span class='ocrx_word' id='word_1_124' title='bbox 926 1238 1208 1295; x_wconf 89' lang='lat' dir='ltr'>Compagnia</span> <span class='ocrx_word' id='word_1_125' title='bbox 1229 1238 1287 1283; x_wconf 93' lang='lat' dir='ltr'>de</span> <span class='ocrx_word' id='word_1_126' title='bbox 1302 1240 1430 1297; x_wconf 73' lang='lat' dir='ltr'>Jesu,</span> <span class='ocrx_word' id='word_1_127' title='bbox 1454 1253 1481 1282; x_wconf 85' lang='lat' dir='ltr'>a</span> <span class='ocrx_word' id='word_1_128' title='bbox 1509 1240 1665 1282; x_wconf 88' lang='lat' dir='ltr'>Roma.</span> 
     </span>
    </p>
   </div>
   <div class='ocr_carea' id='block_1_3' title="bbox 913 1450 1035 1491">
    <p class='ocr_par' dir='ltr' id='par_1_6' title="bbox 913 1450 1035 1491">
     <span class='ocr_line' id='line_1_14' title="bbox 913 1450 1035 1491; baseline 0 0"><span class='ocrx_word' id='word_1_129' title='bbox 913 1450 1035 1491; x_wconf 71' lang='lat'>864</span> 
     </span>
    </p>
   </div>
   <div class='ocr_carea' id='block_1_4' title="bbox 528 1549 1420 1681">
    <p class='ocr_par' dir='ltr' id='par_1_7' title="bbox 528 1549 1420 1681">
     <span class='ocr_line' id='line_1_15' title="bbox 636 1549 1309 1589; baseline -0.001 -2"><span class='ocrx_word' id='word_1_130' title='bbox 636 1550 986 1589; x_wconf 84' lang='lat' dir='ltr'>HIERONYMUS</span> <span class='ocrx_word' id='word_1_131' title='bbox 1013 1549 1309 1589; x_wconf 82' lang='lat' dir='ltr'><strong>DOMENECH</strong></span> 
     </span>
     <span class='ocr_line' id='line_1_16' title="bbox 528 1635 1420 1681; baseline -0.001 -2"><span class='ocrx_word' id='word_1_132' title='bbox 528 1636 715 1681; x_wconf 82' lang='lat' dir='ltr'><strong>PATRI</strong></span> <span class='ocrx_word' id='word_1_133' title='bbox 747 1635 1010 1679; x_wconf 90' lang='lat' dir='ltr'><strong>IGNATIO</strong></span> <span class='ocrx_word' id='word_1_134' title='bbox 1043 1635 1128 1678; x_wconf 90' lang='lat' dir='ltr'>DE</span> <span class='ocrx_word' id='word_1_135' title='bbox 1159 1635 1420 1679; x_wconf 90' lang='lat' dir='ltr'>LOYOLA</span> 
     </span>
    </p>
   </div>
   <div class='ocr_carea' id='block_1_5' title="bbox 611 1727 1336 1774">
    <p class='ocr_par' dir='ltr' id='par_1_8' title="bbox 611 1727 1336 1774">
     <span class='ocr_line' id='line_1_17' title="bbox 611 1727 1336 1774; baseline 0.001 -9"><span class='ocrx_word' id='word_1_136' title='bbox 611 1737 805 1765; x_wconf 81' lang='lat' dir='ltr'>MESSANA</span> <span class='ocrx_word' id='word_1_137' title='bbox 832 1727 878 1764; x_wconf 86' lang='lat'>23</span> <span class='ocrx_word' id='word_1_138' title='bbox 902 1736 1162 1765; x_wconf 78' lang='lat' dir='ltr'>SEPTEMBRIS</span> <span class='ocrx_word' id='word_1_139' title='bbox 1190 1737 1281 1774; x_wconf 84' lang='lat'>1554</span> <span class='ocrx_word' id='word_1_140' title='bbox 1305 1731 1336 1766; x_wconf 85' lang='lat'>².</span> 
     </span>
    </p>
   </div>
   <div class='ocr_carea' id='block_1_6' title="bbox 151 1811 1793 2275">
    <p class='ocr_par' dir='ltr' id='par_1_9' title="bbox 151 1811 1793 2275">
     <span class='ocr_line' id='line_1_18' title="bbox 151 1811 1791 1860; baseline -0.001 -10"><span class='ocrx_word' id='word_1_141' title='bbox 151 1814 342 1860; x_wconf 74' lang='lat' dir='ltr'>peragrat</span> <span class='ocrx_word' id='word_1_142' title='bbox 359 1814 477 1849; x_wconf 91' lang='lat' dir='ltr'>urbes</span> <span class='ocrx_word' id='word_1_143' title='bbox 496 1812 667 1858; x_wconf 86' lang='lat' dir='ltr'>Siciliae,</span> <span class='ocrx_word' id='word_1_144' title='bbox 686 1812 726 1848; x_wconf 92' lang='lat' dir='ltr'>in</span> <span class='ocrx_word' id='word_1_145' title='bbox 739 1812 881 1859; x_wconf 91' lang='lat' dir='ltr'>quibus</span> <span class='ocrx_word' id='word_1_146' title='bbox 905 1811 1112 1848; x_wconf 83' lang='lat' dir='ltr'>Societatis</span> <span class='ocrx_word' id='word_1_147' title='bbox 1135 1811 1333 1848; x_wconf 91' lang='lat' dir='ltr'>domicilia</span> <span class='ocrx_word' id='word_1_148' title='bbox 1356 1812 1791 1850; x_wconf 88' lang='lat' dir='ltr'>constituuntur.—Isa-</span> 
     </span>
     <span class='ocr_line' id='line_1_19' title="bbox 228 1871 1790 1919; baseline 0 -10"><span class='ocrx_word' id='word_1_149' title='bbox 228 1874 369 1919; x_wconf 89' lang='lat' dir='ltr'>bellae,</span> <span class='ocrx_word' id='word_1_150' title='bbox 388 1871 624 1908; x_wconf 88' lang='lat' dir='ltr'>Ferdinandi</span> <span class='ocrx_word' id='word_1_151' title='bbox 641 1877 681 1908; x_wconf 87' lang='lat' dir='ltr'>et</span> <span class='ocrx_word' id='word_1_152' title='bbox 698 1871 813 1907; x_wconf 85' lang='lat' dir='ltr'>Sueri</span> <span class='ocrx_word' id='word_1_153' title='bbox 825 1871 875 1907; x_wconf 89' lang='lat' dir='ltr'>de</span> <span class='ocrx_word' id='word_1_154' title='bbox 889 1872 1001 1918; x_wconf 88' lang='lat' dir='ltr'>Vega</span> <span class='ocrx_word' id='word_1_155' title='bbox 1017 1882 1124 1908; x_wconf 87' lang='lat' dir='ltr'>amor</span> <span class='ocrx_word' id='word_1_156' title='bbox 1140 1877 1182 1908; x_wconf 88' lang='lat' dir='ltr'>et</span> <span class='ocrx_word' id='word_1_157' title='bbox 1195 1872 1367 1908; x_wconf 90' lang='lat' dir='ltr'>studium</span> <span class='ocrx_word' id='word_1_158' title='bbox 1381 1884 1475 1919; x_wconf 85' lang='lat' dir='ltr'>erga</span> <span class='ocrx_word' id='word_1_159' title='bbox 1489 1872 1790 1909; x_wconf 85' lang='lat' dir='ltr'>Societatem.—</span> 
     </span>
     <span class='ocr_line' id='line_1_20' title="bbox 228 1930 1791 1979; baseline -0.001 -11"><span class='ocrx_word' id='word_1_160' title='bbox 228 1931 454 1979; x_wconf 83' lang='lat' dir='ltr'>Respondet</span> <span class='ocrx_word' id='word_1_161' title='bbox 480 1932 707 1967; x_wconf 85' lang='lat' dir='ltr'>Domenech</span> <span class='ocrx_word' id='word_1_162' title='bbox 730 1931 940 1978; x_wconf 84' lang='lat' dir='ltr'>ignatianis</span> <span class='ocrx_word' id='word_1_163' title='bbox 964 1930 1231 1967; x_wconf 83' lang='lat' dir='ltr'>litteris.-De</span> <span class='ocrx_word' id='word_1_164' title='bbox 1255 1931 1438 1979; x_wconf 89' lang='lat' dir='ltr'>episcopo</span> <span class='ocrx_word' id='word_1_165' title='bbox 1462 1932 1791 1968; x_wconf 89' lang='lat' dir='ltr'>melitensi.—De</span> 
     </span>
     <span class='ocr_line' id='line_1_21' title="bbox 227 1990 1790 2028; baseline -0.001 0"><span class='ocrx_word' id='word_1_166' title='bbox 227 1991 364 2028; x_wconf 89' lang='lat' dir='ltr'>sociis.</span> <span class='ocrx_word' id='word_1_167' title='bbox 377 1992 478 2027; x_wconf 91' lang='lat' dir='ltr'>-De</span> <span class='ocrx_word' id='word_1_168' title='bbox 496 1990 688 2026; x_wconf 88' lang='lat' dir='ltr'>coenobio</span> <span class='ocrx_word' id='word_1_169' title='bbox 708 1990 1254 2027; x_wconf 84' lang='lat' dir='ltr'>Ascensionis.—Cardinalis</span> <span class='ocrx_word' id='word_1_170' title='bbox 1271 1991 1524 2027; x_wconf 86' lang='lat' dir='ltr'>mamertinus</span> <span class='ocrx_word' id='word_1_171' title='bbox 1551 1992 1651 2027; x_wconf 90' lang='lat' dir='ltr'>male</span> <span class='ocrx_word' id='word_1_172' title='bbox 1669 1991 1790 2027; x_wconf 90' lang='lat' dir='ltr'>audit.</span> 
     </span>
     <span class='ocr_line' id='line_1_22' title="bbox 229 2049 1792 2097; baseline -0.001 -11"><span class='ocrx_word' id='word_1_173' title='bbox 229 2050 383 2097; x_wconf 80' lang='lat' dir='ltr'>—Quid</span> <span class='ocrx_word' id='word_1_174' title='bbox 400 2050 435 2086; x_wconf 86' lang='lat' dir='ltr'>ei</span> <span class='ocrx_word' id='word_1_175' title='bbox 453 2049 814 2097; x_wconf 87' lang='lat' dir='ltr'>objiciatur.—Non</span> <span class='ocrx_word' id='word_1_176' title='bbox 830 2051 970 2097; x_wconf 86' lang='lat' dir='ltr'>probat</span> <span class='ocrx_word' id='word_1_177' title='bbox 986 2061 1128 2097; x_wconf 88' lang='lat' dir='ltr'>prorex</span> <span class='ocrx_word' id='word_1_178' title='bbox 1145 2049 1220 2085; x_wconf 88' lang='lat' dir='ltr'>iter</span> <span class='ocrx_word' id='word_1_179' title='bbox 1237 2050 1485 2097; x_wconf 88' lang='lat' dir='ltr'>provincialis</span> <span class='ocrx_word' id='word_1_180' title='bbox 1508 2051 1734 2087; x_wconf 88' lang='lat' dir='ltr'>Domenech</span> <span class='ocrx_word' id='word_1_181' title='bbox 1753 2050 1792 2085; x_wconf 89' lang='lat' dir='ltr'>in</span> 
     </span>
     <span class='ocr_line' id='line_1_23' title="bbox 229 2108 1793 2156; baseline 0 -11"><span class='ocrx_word' id='word_1_182' title='bbox 229 2111 379 2146; x_wconf 90' lang='lat' dir='ltr'>urbem:</span> <span class='ocrx_word' id='word_1_183' title='bbox 399 2109 580 2156; x_wconf 90' lang='lat' dir='ltr'>probabit</span> <span class='ocrx_word' id='word_1_184' title='bbox 596 2108 765 2145; x_wconf 87' lang='lat' dir='ltr'>reditum</span> <span class='ocrx_word' id='word_1_185' title='bbox 784 2109 910 2144; x_wconf 91' lang='lat' dir='ltr'>Patris</span> <span class='ocrx_word' id='word_1_186' title='bbox 929 2108 1053 2144; x_wconf 84' lang='lat' dir='ltr'>Nadal</span> <span class='ocrx_word' id='word_1_187' title='bbox 1068 2108 1108 2144; x_wconf 92' lang='lat' dir='ltr'>in</span> <span class='ocrx_word' id='word_1_188' title='bbox 1121 2108 1512 2146; x_wconf 89' lang='lat' dir='ltr'>Siciliam.—Civitas</span> <span class='ocrx_word' id='word_1_189' title='bbox 1527 2110 1793 2156; x_wconf 88' lang='lat' dir='ltr'>panormitana</span> 
     </span>
     <span class='ocr_line' id='line_1_24' title="bbox 229 2168 1792 2216; baseline -0.001 -11"><span class='ocrx_word' id='word_1_190' title='bbox 229 2170 415 2205; x_wconf 87' lang='lat' dir='ltr'>lectorem</span> <span class='ocrx_word' id='word_1_191' title='bbox 439 2168 586 2215; x_wconf 86' lang='lat' dir='ltr'>logices</span> <span class='ocrx_word' id='word_1_192' title='bbox 610 2180 632 2203; x_wconf 90' lang='lat' dir='ltr'>a</span> <span class='ocrx_word' id='word_1_193' title='bbox 656 2168 853 2204; x_wconf 88' lang='lat' dir='ltr'>Societate</span> <span class='ocrx_word' id='word_1_194' title='bbox 876 2168 1155 2216; x_wconf 87' lang='lat' dir='ltr'>repetit.—De</span> <span class='ocrx_word' id='word_1_195' title='bbox 1184 2170 1336 2215; x_wconf 90' lang='lat' dir='ltr'>Joanne</span> <span class='ocrx_word' id='word_1_196' title='bbox 1354 2169 1528 2205; x_wconf 88' lang='lat' dir='ltr'>Guttano</span> <span class='ocrx_word' id='word_1_197' title='bbox 1551 2169 1792 2215; x_wconf 80' lang='lat' dir='ltr'>redimendo,</span> 
     </span>
     <span class='ocr_line' id='line_1_25' title="bbox 231 2227 1013 2275; baseline -0.001 -11"><span class='ocrx_word' id='word_1_198' title='bbox 231 2228 326 2264; x_wconf 90' lang='lat' dir='ltr'>nihil</span> <span class='ocrx_word' id='word_1_199' title='bbox 345 2227 563 2264; x_wconf 87' lang='lat' dir='ltr'>novi.-De</span> <span class='ocrx_word' id='word_1_200' title='bbox 581 2227 667 2264; x_wconf 91' lang='lat' dir='ltr'>aliis</span> <span class='ocrx_word' id='word_1_201' title='bbox 685 2227 856 2274; x_wconf 87' lang='lat' dir='ltr'>negotiis</span> <span class='ocrx_word' id='word_1_202' title='bbox 875 2239 1013 2275; x_wconf 89' lang='lat' dir='ltr'>pauca.</span> 
     </span>
    </p>
   </div>
   <div class='ocr_carea' id='block_1_7' title="bbox 966 2311 996 2369">
    <p class='ocr_par' dir='ltr' id='par_1_10' title="bbox 966 2311 996 2369">
     <span class='ocr_line' id='line_1_26' title="bbox 966 2311 996 2369; baseline 0 -34"><span class='ocrx_word' id='word_1_203' title='bbox 966 2311 996 2369; x_wconf 66' lang='lat'>†</span> 
     </span>
    </p>
   </div>
   <div class='ocr_carea' id='block_1_8' title="bbox 158 2405 1794 2617">
    <p class='ocr_par' dir='ltr' id='par_1_11' title="bbox 158 2405 1794 2617">
     <span class='ocr_line' id='line_1_27' title="bbox 251 2405 1794 2462; baseline -0.001 -12"><span class='ocrx_word' id='word_1_204' title='bbox 251 2408 362 2462; x_wconf 92' lang='lat' dir='ltr'>Muy</span> <span class='ocrx_word' id='word_1_205' title='bbox 390 2407 506 2450; x_wconf 89' lang='lat' dir='ltr'>Rdo.</span> <span class='ocrx_word' id='word_1_206' title='bbox 537 2405 586 2448; x_wconf 92' lang='lat' dir='ltr'>in</span> <span class='ocrx_word' id='word_1_207' title='bbox 613 2405 699 2450; x_wconf 88' lang='lat' dir='ltr'>X.⁰</span> <span class='ocrx_word' id='word_1_208' title='bbox 729 2407 890 2450; x_wconf 90' lang='lat' dir='ltr'>Padre.</span> <span class='ocrx_word' id='word_1_209' title='bbox 924 2407 1021 2450; x_wconf 86' lang='lat' dir='ltr'>Pax</span> <span class='ocrx_word' id='word_1_210' title='bbox 1043 2405 1122 2450; x_wconf 87' lang='lat' dir='ltr'>X.i</span> <span class='ocrx_word' id='word_1_211' title='bbox 1155 2408 1226 2451; x_wconf 93' lang='lat' dir='ltr'>De</span> <span class='ocrx_word' id='word_1_212' title='bbox 1247 2407 1579 2451; x_wconf 87' lang='lat' dir='ltr'>Calatabelotta</span> <span class='ocrx_word' id='word_1_213' title='bbox 1604 2406 1739 2450; x_wconf 82' lang='lat' dir='ltr'>scriui</span> <span class='ocrx_word' id='word_1_214' title='bbox 1768 2411 1794 2449; x_wconf 75' lang='lat' dir='ltr'>a</span> 
     </span>
     <span class='ocr_line' id='line_1_28' title="bbox 158 2483 1794 2540; baseline -0.001 -13"><span class='ocrx_word' id='word_1_215' title='bbox 158 2484 221 2527; x_wconf 90' lang='lat' dir='ltr'>V.</span> <span class='ocrx_word' id='word_1_216' title='bbox 255 2485 307 2527; x_wconf 84' lang='lat' dir='ltr'>P.</span> <span class='ocrx_word' id='word_1_217' title='bbox 340 2483 606 2527; x_wconf 70' lang='lat' dir='ltr'>avisandolo</span> <span class='ocrx_word' id='word_1_218' title='bbox 634 2483 708 2528; x_wconf 86' lang='lat' dir='ltr'>del</span> <span class='ocrx_word' id='word_1_219' title='bbox 735 2490 864 2540; x_wconf 88' lang='lat' dir='ltr'>parto</span> <span class='ocrx_word' id='word_1_220' title='bbox 892 2484 948 2527; x_wconf 91' lang='lat' dir='ltr'>de</span> <span class='ocrx_word' id='word_1_221' title='bbox 978 2483 1021 2526; x_wconf 89' lang='lat' dir='ltr'>la</span> <span class='ocrx_word' id='word_1_222' title='bbox 1048 2489 1214 2528; x_wconf 76' lang='lat' dir='ltr'>sefiora</span> <span class='ocrx_word' id='word_1_223' title='bbox 1244 2484 1465 2540; x_wconf 85' lang='lat' dir='ltr'>duquesa,</span> <span class='ocrx_word' id='word_1_224' title='bbox 1496 2499 1527 2540; x_wconf 92' lang='lat' dir='ltr'><strong>y</strong></span> <span class='ocrx_word' id='word_1_225' title='bbox 1554 2484 1675 2527; x_wconf 89' lang='lat' dir='ltr'>dela</span> <span class='ocrx_word' id='word_1_226' title='bbox 1706 2486 1794 2526; x_wconf 84' lang='lat' dir='ltr'>mia</span> 
     </span>
     <span class='ocr_line' id='line_1_29' title="bbox 162 2559 1794 2617; baseline 0 -15"><span class='ocrx_word' id='word_1_227' title='bbox 162 2559 336 2616; x_wconf 86' lang='lat' dir='ltr'>partida</span> <span class='ocrx_word' id='word_1_228' title='bbox 358 2574 466 2615; x_wconf 88' lang='lat' dir='ltr'>para</span> <span class='ocrx_word' id='word_1_229' title='bbox 486 2560 646 2604; x_wconf 93' lang='lat' dir='ltr'>boluer</span> <span class='ocrx_word' id='word_1_230' title='bbox 665 2560 816 2604; x_wconf 88' lang='lat' dir='ltr'>donde</span> <span class='ocrx_word' id='word_1_231' title='bbox 837 2568 994 2605; x_wconf 86' lang='lat' dir='ltr'>estaua</span> <span class='ocrx_word' id='word_1_232' title='bbox 1017 2560 1059 2605; x_wconf 91' lang='lat' dir='ltr'>el</span> <span class='ocrx_word' id='word_1_233' title='bbox 1086 2559 1236 2616; x_wconf 89' lang='lat' dir='ltr'>virrey</span> <span class='ocrx_word' id='word_1_234' title='bbox 1263 2562 1296 2604; x_wconf 81' lang='lat'>³:</span> <span class='ocrx_word' id='word_1_235' title='bbox 1319 2576 1350 2617; x_wconf 94' lang='lat' dir='ltr'>y</span> <span class='ocrx_word' id='word_1_236' title='bbox 1376 2564 1473 2605; x_wconf 83' lang='lat' dir='ltr'>ansi</span> <span class='ocrx_word' id='word_1_237' title='bbox 1496 2562 1690 2617; x_wconf 80' lang='lat' dir='ltr'>despues</span> <span class='ocrx_word' id='word_1_238' title='bbox 1720 2560 1794 2604; x_wconf 86' lang='lat' dir='ltr'>del</span> 
     </span>
    </p>
   </div>
   <div class='ocr_carea' id='block_1_9' title="bbox 166 2641 446 2646">
    <p class='ocr_par' dir='ltr' id='par_1_12' title="bbox 166 2641 446 2646">
     <span class='ocr_line' id='line_1_30' title="bbox 166 2641 446 2646; baseline 0 0"><span class='ocrx_word' id='word_1_239' title='bbox 166 2641 446 2646; x_wconf 95' lang='lat' dir='ltr'> </span> 
     </span>
    </p>
   </div>
   <div class='ocr_carea' id='block_1_10' title="bbox 158 2671 1796 3131">
    <p class='ocr_par' dir='ltr' id='par_1_13' title="bbox 166 2671 1795 2777">
     <span class='ocr_line' id='line_1_31' title="bbox 238 2671 1795 2719; baseline 0 -13"><span class='ocrx_word' id='word_1_240' title='bbox 238 2674 248 2694; x_wconf 87' lang='lat'>¹</span> <span class='ocrx_word' id='word_1_241' title='bbox 298 2671 521 2707; x_wconf 91' lang='lat' dir='ltr'>Ludovicus</span> <span class='ocrx_word' id='word_1_242' title='bbox 545 2671 594 2707; x_wconf 93' lang='lat' dir='ltr'>de</span> <span class='ocrx_word' id='word_1_243' title='bbox 618 2672 729 2717; x_wconf 85' lang='lat' dir='ltr'>Este,</span> <span class='ocrx_word' id='word_1_244' title='bbox 754 2672 940 2709; x_wconf 89' lang='lat' dir='ltr'>Herculis</span> <span class='ocrx_word' id='word_1_245' title='bbox 964 2672 1088 2710; x_wconf 89' lang='lat' dir='ltr'>filius.</span> <span class='ocrx_word' id='word_1_246' title='bbox 1120 2672 1222 2709; x_wconf 91' lang='lat' dir='ltr'>Vide</span> <span class='ocrx_word' id='word_1_247' title='bbox 1245 2673 1464 2718; x_wconf 76' lang='lat' dir='ltr'>POLANCO,</span> <span class='ocrx_word' id='word_1_248' title='bbox 1492 2679 1520 2709; x_wconf 91' lang='lat' dir='ltr'>t.</span> <span class='ocrx_word' id='word_1_249' title='bbox 1546 2682 1601 2719; x_wconf 78' lang='lat' dir='ltr'>iv,</span> <span class='ocrx_word' id='word_1_250' title='bbox 1620 2684 1709 2719; x_wconf 85' lang='lat' dir='ltr'>pag.</span> <span class='ocrx_word' id='word_1_251' title='bbox 1736 2671 1795 2716; x_wconf 85' lang='lat'>56,</span> 
     </span>
     <span class='ocr_line' id='line_1_32' title="bbox 166 2729 695 2777; baseline 0.002 -12"><span class='ocrx_word' id='word_1_252' title='bbox 166 2743 204 2766; x_wconf 91' lang='lat' dir='ltr'>n.</span> <span class='ocrx_word' id='word_1_253' title='bbox 223 2738 268 2776; x_wconf 89' lang='grc'>95</span> <span class='ocrx_word' id='word_1_254' title='bbox 287 2735 327 2766; x_wconf 89' lang='lat' dir='ltr'>et</span> <span class='ocrx_word' id='word_1_255' title='bbox 343 2741 438 2777; x_wconf 78' lang='lat' dir='ltr'>pag.</span> <span class='ocrx_word' id='word_1_256' title='bbox 460 2730 522 2775; x_wconf 89' lang='lat'>60,</span> <span class='ocrx_word' id='word_1_257' title='bbox 541 2742 584 2766; x_wconf 93' lang='lat' dir='ltr'>n.</span> <span class='ocrx_word' id='word_1_258' title='bbox 611 2729 695 2767; x_wconf 85' lang='lat'><strong>103.</strong></span> 
     </span>
    </p>

    <p class='ocr_par' dir='ltr' id='par_1_14' title="bbox 236 2789 1674 2839">
     <span class='ocr_line' id='line_1_33' title="bbox 236 2789 1674 2839; baseline 0.001 -16"><span class='ocrx_word' id='word_1_259' title='bbox 236 2791 250 2811; x_wconf 79' lang='lat'><em>2</em></span> <span class='ocrx_word' id='word_1_260' title='bbox 300 2789 359 2824; x_wconf 87' lang='lat' dir='ltr'>Ex</span> <span class='ocrx_word' id='word_1_261' title='bbox 376 2791 615 2836; x_wconf 87' lang='lat' dir='ltr'>autographo</span> <span class='ocrx_word' id='word_1_262' title='bbox 632 2789 673 2826; x_wconf 92' lang='lat' dir='ltr'>in</span> <span class='ocrx_word' id='word_1_263' title='bbox 690 2791 768 2827; x_wconf 89' lang='lat' dir='ltr'>vol.</span> <span class='ocrx_word' id='word_1_264' title='bbox 788 2791 834 2837; x_wconf 83' lang='lat' dir='ltr'>E,</span> <span class='ocrx_word' id='word_1_265' title='bbox 852 2790 1097 2839; x_wconf 87' lang='lat' dir='ltr'>quadruplici</span> <span class='ocrx_word' id='word_1_266' title='bbox 1114 2790 1224 2837; x_wconf 86' lang='lat' dir='ltr'>folio,</span> <span class='ocrx_word' id='word_1_267' title='bbox 1244 2803 1284 2827; x_wconf 90' lang='lat' dir='ltr'>n.</span> <span class='ocrx_word' id='word_1_268' title='bbox 1302 2791 1363 2837; x_wconf 86' lang='lat'>85,</span> <span class='ocrx_word' id='word_1_269' title='bbox 1380 2791 1486 2838; x_wconf 92' lang='lat' dir='ltr'>prius</span> <span class='ocrx_word' id='word_1_270' title='bbox 1508 2790 1674 2835; x_wconf 84' lang='lat'><strong>166-169.</strong></span> 
     </span>
    </p>

    <p class='ocr_par' dir='ltr' id='par_1_15' title="bbox 158 2847 1796 3131">
     <span class='ocr_line' id='line_1_34' title="bbox 236 2847 1796 2898; baseline 0.001 -17"><span class='ocrx_word' id='word_1_271' title='bbox 236 2849 252 2869; x_wconf 78' lang='lat'>³</span> <span class='ocrx_word' id='word_1_272' title='bbox 301 2848 382 2882; x_wconf 91' lang='lat' dir='ltr'>Has</span> <span class='ocrx_word' id='word_1_273' title='bbox 401 2847 550 2883; x_wconf 86' lang='lat' dir='ltr'>litteras</span> <span class='ocrx_word' id='word_1_274' title='bbox 567 2859 645 2884; x_wconf 89' lang='lat' dir='ltr'>non</span> <span class='ocrx_word' id='word_1_275' title='bbox 663 2849 846 2886; x_wconf 85' lang='lat' dir='ltr'>vidimus:</span> <span class='ocrx_word' id='word_1_276' title='bbox 865 2850 969 2898; x_wconf 93' lang='lat' dir='ltr'>quod</span> <span class='ocrx_word' id='word_1_277' title='bbox 987 2861 1081 2886; x_wconf 86' lang='lat' dir='ltr'>vero</span> <span class='ocrx_word' id='word_1_278' title='bbox 1098 2850 1186 2886; x_wconf 88' lang='lat' dir='ltr'>heic</span> <span class='ocrx_word' id='word_1_279' title='bbox 1204 2850 1424 2896; x_wconf 88' lang='lat' dir='ltr'>attingitur,</span> <span class='ocrx_word' id='word_1_280' title='bbox 1444 2851 1662 2885; x_wconf 85' lang='lat' dir='ltr'>declaratur</span> <span class='ocrx_word' id='word_1_281' title='bbox 1679 2860 1701 2883; x_wconf 87' lang='lat' dir='ltr'>a</span> <span class='ocrx_word' id='word_1_282' title='bbox 1719 2848 1796 2883; x_wconf 92' lang='lat' dir='ltr'>Po-</span> 
     </span>
     <span class='ocr_line' id='line_1_35' title="bbox 167 2907 1795 2955; baseline -0.001 -12"><span class='ocrx_word' id='word_1_283' title='bbox 167 2915 323 2952; x_wconf 81' lang='lat' dir='ltr'>LANCO,</span> <span class='ocrx_word' id='word_1_284' title='bbox 354 2911 387 2942; x_wconf 91' lang='lat' dir='ltr'>t.</span> <span class='ocrx_word' id='word_1_285' title='bbox 415 2915 471 2951; x_wconf 87' lang='lat' dir='ltr'>1v,</span> <span class='ocrx_word' id='word_1_286' title='bbox 490 2918 580 2953; x_wconf 85' lang='lat' dir='ltr'>pag.</span> <span class='ocrx_word' id='word_1_287' title='bbox 606 2916 689 2955; x_wconf 87' lang='lat'>222,</span> <span class='ocrx_word' id='word_1_288' title='bbox 719 2921 762 2944; x_wconf 89' lang='lat' dir='ltr'>n.</span> <span class='ocrx_word' id='word_1_289' title='bbox 797 2919 881 2955; x_wconf 90' lang='lat'><strong>494.</strong></span> <span class='ocrx_word' id='word_1_290' title='bbox 913 2910 1104 2945; x_wconf 89' lang='lat' dir='ltr'>Voluntas</span> <span class='ocrx_word' id='word_1_291' title='bbox 1135 2915 1267 2945; x_wconf 90' lang='lat' dir='ltr'>autem</span> <span class='ocrx_word' id='word_1_292' title='bbox 1292 2909 1486 2953; x_wconf 89' lang='lat' dir='ltr'>ducissae,</span> <span class='ocrx_word' id='word_1_293' title='bbox 1518 2908 1719 2943; x_wconf 87' lang='lat' dir='ltr'>Elisabeth</span> <span class='ocrx_word' id='word_1_294' title='bbox 1746 2907 1795 2942; x_wconf 89' lang='lat' dir='ltr'>de</span> 
     </span>
     <span class='ocr_line' id='line_1_36' title="bbox 166 2964 1796 3014; baseline 0.001 -14"><span class='ocrx_word' id='word_1_295' title='bbox 166 2966 291 3012; x_wconf 89' lang='lat' dir='ltr'>Vega,</span> <span class='ocrx_word' id='word_1_296' title='bbox 311 2964 551 3011; x_wconf 85' lang='lat' dir='ltr'>significatur</span> <span class='ocrx_word' id='word_1_297' title='bbox 567 2966 679 3008; x_wconf 71' lang='lat' dir='ltr'>ibid„</span> <span class='ocrx_word' id='word_1_298' title='bbox 697 2977 788 3013; x_wconf 81' lang='lat' dir='ltr'>pag.</span> <span class='ocrx_word' id='word_1_299' title='bbox 807 2968 890 3014; x_wconf 84' lang='lat'>228,</span> <span class='ocrx_word' id='word_1_300' title='bbox 909 2980 951 3003; x_wconf 89' lang='lat' dir='ltr'>n.</span> <span class='ocrx_word' id='word_1_301' title='bbox 976 2976 1059 3014; x_wconf 83' lang='lat'>5123</span> <span class='ocrx_word' id='word_1_302' title='bbox 1080 2980 1168 3004; x_wconf 86' lang='lat' dir='ltr'>narn</span> <span class='ocrx_word' id='word_1_303' title='bbox 1193 2980 1271 3004; x_wconf 86' lang='lat' dir='ltr'>non</span> <span class='ocrx_word' id='word_1_304' title='bbox 1294 2970 1419 3004; x_wconf 90' lang='lat' dir='ltr'>solum</span> <span class='ocrx_word' id='word_1_305' title='bbox 1446 2966 1653 3012; x_wconf 88' lang='lat' dir='ltr'>collegium</span> <span class='ocrx_word' id='word_1_306' title='bbox 1681 2966 1796 3001; x_wconf 86' lang='lat' dir='ltr'>Bibo-</span> 
     </span>
     <span class='ocr_line' id='line_1_37' title="bbox 165 3025 1795 3075; baseline 0.001 -15"><span class='ocrx_word' id='word_1_307' title='bbox 165 3036 239 3060; x_wconf 90' lang='lat' dir='ltr'>nae</span> <span class='ocrx_word' id='word_1_308' title='bbox 264 3025 356 3060; x_wconf 89' lang='lat' dir='ltr'>«sed</span> <span class='ocrx_word' id='word_1_309' title='bbox 386 3030 426 3060; x_wconf 91' lang='lat' dir='ltr'>et</span> <span class='ocrx_word' id='word_1_310' title='bbox 456 3025 621 3060; x_wconf 90' lang='lat' dir='ltr'>alterum</span> <span class='ocrx_word' id='word_1_311' title='bbox 651 3025 975 3073; x_wconf 87' lang='lat' dir='ltr'>Calatabellotae,</span> <span class='ocrx_word' id='word_1_312' title='bbox 998 3027 1103 3074; x_wconf 91' lang='lat' dir='ltr'>quod</span> <span class='ocrx_word' id='word_1_313' title='bbox 1125 3027 1238 3063; x_wconf 88' lang='lat' dir='ltr'>dives</span> <span class='ocrx_word' id='word_1_314' title='bbox 1261 3027 1447 3075; x_wconf 89' lang='lat' dir='ltr'>oppidum</span> <span class='ocrx_word' id='word_1_315' title='bbox 1471 3032 1531 3062; x_wconf 89' lang='lat' dir='ltr'>est</span> <span class='ocrx_word' id='word_1_316' title='bbox 1555 3032 1595 3061; x_wconf 92' lang='lat' dir='ltr'>et</span> <span class='ocrx_word' id='word_1_317' title='bbox 1619 3025 1795 3072; x_wconf 87' lang='lat' dir='ltr'>ejusdem</span> 
     </span>
     <span class='ocr_line' id='line_1_38' title="bbox 158 3083 907 3131; baseline 0 -11"><span class='ocrx_word' id='word_1_318' title='bbox 158 3085 389 3129; x_wconf 84' lang='lat' dir='ltr'>comitatus,</span> <span class='ocrx_word' id='word_1_319' title='bbox 408 3083 615 3120; x_wconf 88' lang='lat' dir='ltr'>instituere</span> <span class='ocrx_word' id='word_1_320' title='bbox 638 3085 907 3131; x_wconf 85' lang='lat' dir='ltr'>cogitabat...»</span> 
     </span>
    </p>
   </div>
  </div>
 </body>
</html>
