2060 3432
329 257 399 304 692
820 259 1060 295 EP1s’roLAE
1087 259 1378 329 Μαῖα-974

370 359 638 416 Inscriptio:
658 358 687 418 †
709 359 771 403 Al
791 359 1048 404 santissimo
1069 374 1099 416 y
1116 365 1251 404 sefior
1266 365 1453 403 nuestro
1471 358 1712 412 uniuersaL
1733 359 1774 404 el
1796 373 1913 416 papa

281 437 427 494 Paulo
447 443 627 493 quarto,
652 443 740 480 etc.

1040 652 1158 693 9⁷11

699 736 918 774 MARCUS
945 735 1221 774 ANTONIUS
1248 734 1476 773 ORADINI

759 813 868 850 vices
886 826 1030 861 gerens
1048 813 1222 862 episcopi
1239 812 1425 849 Perusiae

631 899 817 942 PATRI
863 898 1127 943 IGNATIO
1174 899 1257 942 DE
1294 896 1553 942 LOYOLA

807 995 987 1024 PERUSIA
1015 995 1056 1032 15
1082 995 1188 1031 JUN11
1216 994 1305 1033 1555
1334 989 1360 1022 ¹.

269 1066 358 1112 Qua
369 1064 519 1101 ratione
535 1064 744 1100 Societatis
757 1064 935 1100 homines
949 1076 992 1100 se
1004 1069 1158 1111 gerant,
1173 1067 1548 1114 testatur.—7-Eorum
1560 1065 1683 1101 vitam
1697 1076 1741 1100 ac
1755 1063 1909 1101 fructus

341 1136 391 1160 ex
421 1124 593 1171 ipsorum
622 1123 807 1172 operibus
817 1150 826 1168 ‚
858 1124 899 1160 in
931 1123 1182 1160 christianam
1211 1124 1492 1172 rempublicam
1521 1124 1798 1169 redundantes,
1829 1126 1909 1161 οο]-

340 1183 471 1220 laudat
479 1209 489 1220 .

357 1363 501 1408 Molto
528 1363 644 1406 Rdo.
678 1362 840 1407 Padre.
859 1361 1148 1418 ¹Intendendo
1176 1362 1234 1405 da
1255 1363 1317 1406 M.
1343 1363 1576 1407 Euerardo
1598 1362 1905 1417 Mercuriano,

267 1446 436 1487 rettore
458 1440 532 1485 del
553 1446 709 1483 nostro
731 1439 925 1496 collegio
948 1438 1026 1495 qui
1047 1438 1095 1482 in
1118 1438 1334 1496 Perugia,
1360 1440 1417 1483 V.
1443 1441 1497 1483 R.
1530 1439 1774 1484 desiderar’
1799 1441 1903 1486 fede

267 1524 314 1561 et
335 1517 654 1569 informatione
681 1516 755 1560 del
782 1516 1015 1573 proceder’
1039 1516 1136 1559 loro
1163 1516 1196 1569 ²,
1222 1515 1287 1572 gli
1313 1515 1441 1560 auiso
1463 1518 1536 1560 ch’
1560 1516 1636 1560 noi
1658 1517 1700 1560 ci
1721 1523 1904 1562 tenemo

267 1593 459 1651 obligati
482 1609 508 1638 a
529 1600 684 1637 nostro
705 1593 862 1650 signor
888 1592 977 1637 Dio
1006 1599 1053 1637 et
1079 1608 1105 1636 a
1127 1594 1185 1637 V.
1211 1594 1266 1636 R.
1292 1599 1337 1636 et
1359 1608 1386 1637 a
1408 1599 1527 1637 tutta
1548 1594 1592 1637 la
1620 1593 1901 1652 Compagnia

264 1685 346 1728 per
365 1672 409 1715 13
429 1671 582 1714 buona
609 1669 910 1724 edificatione,
936 1669 1046 1714 aiuti
1076 1675 1122 1714 et
1150 1669 1277 1713 frutti
1299 1669 1420 1714 ch'ci
1445 1684 1590 1727 porge
1610 1670 1656 1714 di
1683 1671 1904 1715 continuo

264 1747 296 1790 il
318 1762 402 1791 suo
424 1747 632 1804 collegio:
655 1746 822 1799 Prima,
843 1761 930 1790 con
950 1745 1270 1803 l'esemplarita
1286 1746 1331 1789 di
1353 1746 1448 1790 uita
1469 1747 1681 1804 semplice
1697 1755 1743 1793 et
1766 1748 1900 1805 piena

262 1825 307 1869 di
345 1823 577 1881 patientia,
617 1838 704 1868 con
739 1822 950 1867 l'esibirsi
988 1837 1075 1867 con
1111 1822 1220 1881 ogni
1249 1823 1504 1868 reuerentia
1540 1831 1586 1868 et
1623 1825 1896 1878 obedientia,

262 1901 414 1959 pronti
443 1900 485 1945 ai
513 1900 876 1944 comandamenti
903 1900 976 1944 dei
1003 1899 1223 1958 superiori
1251 1906 1297 1945 et
1323 1900 1617 1945 ecclesiastici
1645 1908 1691 1945 et
1719 1908 1896 1959 tempo-
1952 1904 1954 1907 ’

262 1978 359 2023 rali.
385 1977 533 2035 Dapoi
555 1992 641 2021 con
662 1977 865 2022 rendersi
886 1976 1170 2034 infatigabile
1190 1978 1265 2021 nel
1292 1977 1478 2021 seruitio
1500 1978 1574 2023 del
1601 1978 1821 2035 prossimo
1848 1979 1895 2023 in

262 2055 448 2100 uisitare
470 2053 733 2112 gl'infermi,
758 2053 1081 2099 intromettersi
1103 2053 1150 2097 in
1173 2054 1240 2097 far
1260 2068 1372 2111 pace
1393 2055 1567 2098 et-altre
1584 2069 1720 2112 opere
1742 2055 1829 2112 pie,
1849 2062 1898 2099 et

260 2132 633 2190 principalmente
654 2130 700 2174 in
722 2130 976 2174 ministrare
992 2131 1007 2173 i
1024 2130 1293 2175 sacramenti
1315 2131 1432 2175 della
1447 2131 1732 2176 confessione
1754 2138 1800 2176 et
1815 2146 1894 2175 co—

260 2209 492 2262 munione,
517 2223 609 2252 non
631 2222 767 2252 senza
788 2222 903 2265 gran
924 2207 1196 2251 commodita
1217 2207 1262 2251 di
1285 2214 1403 2251 tutta
1423 2208 1467 2251 13
1483 2196 1610 2261 οἱῒῒὲξ
1626 2207 1674 2252 in
1697 2209 1779 2252 far'
1796 2222 1896 2252 ser—

261 2286 383 2330 moni
404 2292 450 2329 et
471 2284 803 2342 ragionamenti
831 2284 1050 2341 spirituali
1077 2284 1125 2328 in
1152 2284 1330 2342 priuato
1357 2291 1403 2328 et
1423 2284 1470 2327 in
1493 2284 1690 2341 publico,
1715 2285 1753 2328 si
1774 2286 1896 2330 nella

257 2364 343 2407 lor’
367 2362 535 2416 chiesa,
560 2361 597 2405 si
618 2361 665 2404 in
693 2362 854 2405 alcune
883 2361 1116 2406 fraternite
1144 2368 1190 2406 et
1217 2361 1375 2418 luoghi
1397 2361 1567 2414 deuoti,
1599 2363 1795 2406 secondo
1815 2364 1890 2406 ch’

258 2454 404 2485 sonno
432 2438 538 2483 stati
565 2437 803 2491 recercati,
834 2438 1134 2482 mostrandosi
1162 2438 1441 2495 integerrimi
1468 2438 1586 2483 nella
1612 2438 1809 2483 dottrina
1845 2446 1894 2483 et

256 2594 443 2630 Historia
460 2594 507 2629 de
527 2593 730 2629 Sanlucar
746 2593 793 2628 de
811 2593 1084 2633 Barrameda,
1103 2604 1196 2639 pag.
1216 2591 1276 2639 81,
1296 2592 1432 2628 «Doi’ia
1449 2592 1601 2628 Leonor
1621 2592 1820 2639 Manrique
1837 2592 1890 2628 de

259 2653 505 2700 Soto-mayor
521 2664 548 2699 y
565 2647 731 2698 Zufiiga‚
750 2653 786 2687 la
804 2653 934 2687 cual...
954 2651 1148 2687 habiendo
1166 2650 1306 2687 casado
1320 2653 1342 2687 a
1355 2663 1402 2687 su
1419 2651 1498 2698 hijo
1517 2653 1551 2687 e]
1571 2654 1645 2687 ano
1666 2660 1770 2697 1574,
1787 2663 1836 2687 en
1849 2652 1887 2688 el

256 2711 453 2759 siguiente
468 2711 518 2748 de
539 2719 629 2757 1575
647 2722 697 2746 en
717 2719 758 2755 17
775 2711 823 2746 de
842 2712 1048 2748 octubre...
1068 2723 1111 2747 se
1129 2711 1248 2747 retiro
1271 2713 1293 2747 a
1311 2716 1397 2747 este
1421 2710 1657 2746 monasterio
1681 2710 1730 2746 de
1753 2711 1790 2746 la
1808 2711 1886 2746 Ma-

255 2771 324 2807 dre
342 2771 391 2807 de
409 2770 521 2817 Dios,
538 2769 665 2806 donde
683 2769 771 2805 hizo
789 2782 865 2806 una
882 2769 973 2806 vida
987 2782 1080 2817 muy
1098 2769 1284 2817 ejemplar
1307 2781 1381 2806 con
1405 2771 1441 2806 el
1464 2770 1598 2806 habito
1622 2769 1671 2806 de
1695 2770 1811 2806 beata
1835 2769 1886 2806 de

255 2832 292 2867 la
309 2835 459 2866 tercera
474 2828 608 2867 Orden
625 2828 688 2864 del
707 2829 767 2864 Sr.
787 2829 908 2866 Santo
926 2829 1167 2876 Domingo...
1186 2828 1438 2865 Permaneci6
1456 2841 1505 2865 en
1519 2830 1556 2865 el
1573 2830 1685 2864 hasta
1702 2830 1737 2865 el
1755 2829 1819 2866 dia
1835 2829 1887 2866 de

255 2901 301 2926 su
319 2889 479 2926 dichoso
495 2888 673 2935 trfinsito,
691 2887 873 2924 acaecido
889 2900 939 2924 en
956 2896 1002 2934 27
1018 2888 1067 2924 de
1085 2888 1182 2925 abril
1199 2888 1248 2924 de
1269 2888 1402 2934 1582».

327 2949 338 2970 ¹
388 2947 448 2982 Ex
465 2945 644 2993 originali
662 2945 702 2982 in
719 2947 799 2981 vol.
819 2946 947 2993 Epist.
967 2946 1233 2988 diversorum,
1252 2945 1398 2993 duplici
1417 2945 1523 2993 folio,
1538 2957 1577 2981 n.
1596 2954 1677 2993 102,
1691 2946 1797 2993 prius
1813 2945 1878 2982 68.

324 3009 338 3029 ²
389 3006 561 3042 Mentem
576 3005 649 3040 Sti.
668 3004 826 3051 Ignatii,
841 3016 929 3041 cum
946 3004 1169 3052 hujusmodi
1182 3004 1407 3041 testimonia
1420 3006 1542 3041 vellet
1554 3005 1754 3052 colligere,
1769 3016 1885 3053 supra

256 3065 522 3114 exposuimus,
541 3064 661 3112 epist.
684 3072 767 3111 954,
787 3072 871 3111 955,
890 3076 980 3112 pag.
999 3063 1171 3110 638-640,
1191 3069 1231 3101 et
1248 3064 1417 3101 maxime
1430 3075 1525 3112 pag.
1543 3064 1629 3112 645,
1648 3069 1779 3101 annot.
1800 3073 1834 3100 2.
