2014 3470
801 269 824 306 7
852 261 1097 298 chmfflms
1125 267 1216 305 1554
1705 268 1776 305 475

742 641 992 677 BARBARA
1017 640 1265 676 PEZZANA

567 725 750 768 PATRI
782 725 1043 768 IGNATIO
1076 725 1158 768 DE
1189 724 1452 768 LOYOLA

680 828 843 856 Murum
868 826 890 864 7
916 827 1154 856 DECEMBRIS
1183 826 1274 864 1554
1299 819 1331 855 ¹.

193 902 305 939 Grati
323 902 439 938 animi
459 902 498 937 in
518 902 726 948 Ignatium,
739 906 780 937 et
797 901 974 949 propriae
992 901 1271 948 despicientiae
1288 907 1405 949 atque
1423 902 1653 938 humilitatis
1671 913 1826 938 sensus.

992 985 1022 1042 †

284 1083 425 1126 Molto
447 1082 562 1125 Rdo.
588 1088 634 1125 et
654 1081 899 1126 benedetto
928 1081 1076 1125 Padre
1104 1081 1210 1126 nell’
1241 1080 1438 1138 Signore
1462 1087 1629 1124 nostro.
1659 1082 1734 1124 Ho
1755 1080 1829 1123 in—

200 1166 319 1204 tesse
347 1165 516 1214 quanto
543 1158 691 1202 scriue
718 1159 775 1202 V.
810 1160 864 1202 R.
894 1159 1037 1201 hauer
1066 1159 1179 1201 fatto
1206 1173 1287 1214 per
1314 1165 1475 1214 questa
1494 1158 1724 1214 pouerella
1753 1157 1825 1201 in-

194 1238 361 1293 degna,
386 1243 432 1280 et
452 1236 661 1279 confesso
683 1236 825 1279 hauer
846 1234 1012 1279 sentito
1035 1234 1185 1278 subito
1206 1235 1235 1277 Γ
1260 1235 1415 1278 effetto
1429 1241 1475 1278 et
1498 1235 1638 1278 frutto
1659 1234 1705 1277 di
1720 1248 1823 1278 esse

194 1313 385 1356 orationi
401 1319 447 1356 et
469 1311 586 1355 santi
613 1311 836 1367 sacrificij:
863 1310 894 1354 il
921 1312 1026 1367 qual
1056 1312 1104 1364 e,
1136 1312 1220 1354 che
1247 1310 1610 1367 maggiormente
1647 1310 1684 1354 si
1713 1325 1829 1354 sono

194 1397 398 1446 scoperte
419 1390 461 1433 le
482 1388 648 1445 piaghe
669 1388 774 1442 mie,
793 1389 1063 1433 essendome
1087 1390 1156 1432 sta
1172 1389 1277 1431 data
1293 1388 1372 1445 piu
1389 1388 1541 1432 chiara
1564 1395 1610 1432 et
1625 1387 1828 1444 particu-

197 1467 263 1510 lar
284 1465 443 1509 notitia
463 1465 567 1508 delli
590 1464 678 1508 mei
700 1464 987 1521 grandissimi
1010 1464 1149 1509 errori
1171 1472 1217 1508 et
1235 1458 1355 1518 falli,'
1368 1479 1394 1508 a
1417 1465 1476 1507 tal
1499 1464 1601 1507 chio
1624 1478 1696 1507 me
1712 1464 1832 1508 vedo

195 1543 501 1587 chiaramente
530 1557 653 1587 esser
680 1548 799 1585 stata
827 1556 1004 1599 sempre
1033 1541 1188 1586 illussa
1219 1541 1266 1585 in
1299 1542 1404 1585 tutti
1432 1542 1495 1598 gli
1524 1541 1604 1584 atti
1626 1548 1672 1585 et
1693 1555 1830 1598 opere

194 1620 300 1673 mie,
326 1626 372 1664 et
391 1621 476 1663 che
499 1620 671 1664 Sathan
692 1618 730 1662 si
751 1619 776 1662 ὲ
799 1619 1121 1675 transfigurato
1148 1619 1194 1662 in
1217 1619 1380 1676 angelo
1404 1618 1449 1661 di
1471 1619 1588 1671 luce,
1616 1619 1829 1662 facendo—

142 1739 144 1742 ,
194 1712 268 1742 me
289 1697 556 1754 persoadere
578 1710 726 1740 mossa
747 1697 804 1739 da
825 1697 916 1739 bon
932 1695 1089 1753 spirito
1110 1712 1137 1740 a
1161 1696 1256 1741 fare
1276 1695 1409 1752 officij
1435 1697 1519 1740 che
1536 1711 1562 1738 a
1584 1710 1656 1739 me
1674 1710 1767 1738 non
1789 1697 1829 1738 s’

194 1773 464 1826 conueniua,
489 1773 588 1816 cioe
609 1773 655 1815 in
677 1774 801 1818 voler
821 1773 1050 1818 conuertit
1071 1773 1236 1817 anime:
1261 1780 1308 1816 et
1329 1780 1491 1829 questo
1512 1787 1604 1816 non
1628 1773 1725 1816 solo
1743 1786 1828 1816 con

198 1851 423 1905 oratione,
449 1852 532 1894 che
554 1851 745 1894 sarebbe
772 1864 857 1907 pur
884 1856 1003 1893 stato
1032 1852 1226 1893 mancho
1255 1850 1396 1903 malo,
1428 1865 1500 1893 ma
1527 1863 1614 1893 con
1641 1849 1827 1905 parolle,

198 1927 495 1980 exortatione,
521 1928 695 1979 lettere,
721 1933 766 1972 et
786 1927 895 1970 milli
916 1927 1016 1970 altri
1037 1927 1159 1970 modi
1174 1926 1319 1970 invtili
1341 1942 1366 1971 e
1383 1925 1748 1990 inconueniente.
1772 1926 1830 1968 Et

196 2005 331 2062 quell’
358 2007 443 2049 che
464 2007 524 2047 m’
552 2019 629 2048 era
651 2004 905 2049 necessario
927 2004 1029 2048 chio
1057 2005 1228 2049 facesse
1249 2019 1329 2061 per
1355 2018 1428 2047 me
1456 2011 1615 2057 stessa‚
1642 2002 1731 2046 mai
1747 2003 1777 2044 Γ
1802 2016 1832 2045 o

195 2082 326 2125 fatto:
352 2081 466 2134 cioe,
492 2081 595 2124 chio
616 2080 910 2125 mortificasse
931 2082 973 2124 le
994 2081 1083 2126 mie
1103 2081 1327 2138 passione,
1352 2092 1398 2124 et
1415 2081 1669 2137 abnegasse
1693 2080 1735 2122 la
1752 2084 1827 2122 vo-

194 2158 319 2202 lonta
338 2157 443 2212 mia,
467 2165 513 2201 et
535 2157 802 2214 acquistassi
824 2158 853 2200 Γ
877 2157 1084 2201 humilita
1104 2164 1150 2201 et
1172 2158 1204 2200 Γ
1228 2157 1328 2202 altri
1349 2157 1486 2210 virtu,
1511 2172 1584 2200 ma
1601 2156 1717 2209 anzi,
1738 2170 1829 2198 non

267 2293 279 2314 ¹
330 2295 387 2329 Ex
405 2293 583 2340 originali
600 2294 639 2330 in
657 2295 734 2330 vol.
760 2295 806 2339 E,
823 2293 968 2341 duplici
992 2293 1099 2339 folio,
1128 2306 1168 2330 n.
1193 2302 1253 2339 74,
1277 2293 1383 2341 prius
1411 2292 1607 2329 13o.—Ad
1631 2293 1730 2328 hanc
1750 2291 1829 2339 epi-

196 2354 334 2389 stolam
356 2352 504 2390 faciunt
525 2365 624 2401 quae
650 2354 868 2400 POLANCO‚
886 2359 918 2389 t.
949 2361 1004 2397 lv,
1029 2365 1118 2400 pag.
1150 2361 1232 2400 107,
1263 2366 1302 2390 n.
1321 2362 1407 2399 205,
1433 2352 1586 2400 scriptis
1613 2350 1829 2387 mandavit:

197 2412 405 2448 «Primaria
421 2413 610 2460 quaedam
628 2418 802 2449 matrona
819 2412 1050 2448 mutinensis
1069 2418 1109 2447 et
1131 2412 1311 2450 inrebus
1335 2412 1602 2460 spiritualibus
1627 2411 1728 2446 dona
1748 2410 1830 2446 exi-

198 2471 273 2506 mia
291 2483 313 2506 a
331 2472 406 2507 Dei
424 2471 667 2518 benignitate
685 2471 836 2518 sortita,
854 2483 943 2507 cum
960 2471 1123 2519 pristina
1145 2472 1411 2507 consolatione
1433 2483 1456 2507 a
1479 2472 1564 2506 Deo
1589 2470 1755 2517 privata,
1783 2480 1829 2505 ac

198 2531 357 2579 proinde
375 2542 453 2566 non
470 2542 604 2577 parum
621 2531 761 2567 afflicta
779 2536 898 2573 esset,
918 2531 961 2566 Ρ.
982 2530 1134 2576 Ignatio
1159 2531 1315 2578 scripsit
1339 2536 1378 2566 et
1402 2530 1588 2566 auxilium
1612 2529 1828 2564 orationum

198 2591 247 2626 ab
265 2602 312 2626 eo
330 2590 554 2637 postulavit.
574 2590 674 2627 Cum
697 2595 828 2626 autem
851 2590 896 2626 P.
929 2589 1120 2636 Ignatius,
1143 2589 1191 2625 ad
1213 2590 1420 2626 Rectorem
1445 2589 1611 2634 Collegii
1636 2588 1830 2632 scribens,

199 2649 327 2685 eidem
342 2649 576 2695 injunxisset
590 2654 632 2684 ut
643 2649 733 2685 huie
747 2654 959 2695 matronae,
974 2660 1074 2696 quae
1088 2650 1255 2685 Barbara
1269 2650 1445 2684 Pezzana
1458 2648 1674 2692 dicebatur,
1687 2659 1831 2683 renun-

198 2708 321 2744 ciaret
338 2719 394 2750 se,
414 2707 517 2742 facto
535 2707 665 2754 potius
682 2719 796 2754 quam
815 2707 961 2752 verbis,
979 2707 1121 2743 litteris
1138 2707 1260 2755 ipsius
1276 2718 1566 2754 responsurum,
1582 2705 1667 2741 aliis
1687 2705 1833 2741 litteris

199 2767 336 2803 eadem
354 2767 523 2802 Barbara
539 2771 681 2801 testata
699 2771 759 2802 est
777 2766 908 2802 statim
927 2766 1098 2802 sensisse
1117 2767 1301 2803 effectum
1319 2774 1359 2802 et
1372 2767 1540 2802 fructum
1556 2765 1773 2800 orationum
1790 2770 1833 2800 et

199 2825 379 2862 sacrificii
409 2825 551 2860 Missae
581 2836 650 2871 pro
679 2836 725 2860 ea
755 2825 888 2869 oblati;
919 2830 960 2861 et
989 2836 1169 2871 magnam
1198 2838 1241 2862 se
1265 2827 1407 2871 lucem,
1438 2825 1485 2860 ad
1514 2823 1830 2870 cognoscendam

200 2884 534 2932 imperfectionem
552 2895 661 2919 suam
679 2889 720 2920 et
735 2883 840 2919 vitae
858 2889 1060 2920 anteactae
1073 2884 1264 2929 defectus,
1282 2885 1495 2931 accepisse,
1514 2887 1695 2927 testatur;
1711 2887 1752 2917 et
1766 2882 1834 2917 de-

201 2956 306 2980 mum
334 2943 448 2979 facile
478 2948 539 2978 est
568 2954 618 2979 ex
648 2942 732 2988 ejus
762 2943 903 2978 litteris
932 2943 1126 2989 conjicere
1154 2943 1258 2991 quod
1288 2945 1327 2979 in
1356 2942 1571 2990 profundae
1601 2940 1833 2977 humilitatis

201 3003 347 3039 virtute
366 3008 406 3039 et
423 3002 462 3038 in
480 3002 702 3049 passionum
726 3013 771 3038 ac
796 3001 973 3049 propriae
998 3003 1210 3039 voluntatis
1233 3002 1491 3049 abnegatione
1516 3001 1680 3037 multum
1706 2999 1834 3047 profe-

199 3061 294 3098 cit.»
312 3063 421 3098 Haec
439 3062 645 3098 Polancus.
