2054 3496
812 290 853 327 15
880 282 1036 319 MAR‘rn
1064 291 1155 329 1554
1707 294 1752 332 97

163 386 221 430 de
241 390 372 429 santa
393 383 536 428 Maria
557 384 614 428 de
635 384 679 427 13
701 383 855 427 Bastia
876 383 923 426 in
943 384 1105 428 dentro
1125 399 1215 427 vna
1237 384 1380 438 caxia,
1400 385 1431 428 il
1448 386 1582 443 quale
1603 400 1630 430 e
1651 387 1695 430 io
1716 402 1741 431 e
1758 388 1801 431 13

162 462 252 507 11113
272 461 459 519 famigla
479 476 560 518 per
581 461 644 504 fin
666 462 752 506 che
772 467 889 506 stete
910 461 1076 505 malato
1097 461 1177 506 noi
1199 477 1258 507 ne
1280 462 1443 507 fecimo
1458 462 1537 520 pisi
1554 465 1638 507 che
1655 464 1693 507 si
1711 464 1800 508 fusi

161 547 280 585 stato
295 546 451 584 nostro
469 541 604 583 Patre
637 539 883 595 tenporale:
919 545 1091 594 quanto
1113 554 1140 582 a
1165 539 1240 583 noi
1259 554 1422 584 auemo
1439 540 1589 596 quella
1605 541 1801 598 perfetta

161 618 263 662 fede
285 619 370 662 che
391 617 479 660 ello
500 616 566 660 sia
586 631 678 659 vno
692 616 820 672 justo
841 630 867 660 e
888 623 1021 660 santo
1042 631 1146 660 omo
1173 618 1202 660 ¹.

249 695 309 739 Al
331 695 445 738 altra
465 700 594 750 parte
615 700 777 749 questa
805 708 976 749 pouera
1005 700 1140 747 terra,
1173 707 1199 737 e
1227 700 1346 738 tutta
1366 694 1410 737 la
1436 694 1567 748 isula,
1593 710 1729 752 apare
1751 696 1798 739 di

158 787 309 818 essere
330 771 486 816 restati
507 785 643 814 senza
663 771 693 813 1’
719 770 843 814 aiuto
864 770 910 814 di
930 770 1035 824 Dio,
1060 785 1086 815 e
1109 771 1296 816 masime
1313 771 1359 814 di
1383 777 1501 815 tutte
1523 772 1566 816 16
1591 786 1695 816 cose
1713 775 1797 817 che

155 850 220 894 lui
241 865 405 906 senpre
420 848 462 892 ci
479 863 506 892 a
520 847 766 905 predicato,
787 854 907 891 tutto
923 848 967 891 lo
984 862 1146 893 auemo
1163 849 1349 903 veduto,
1369 864 1395 893 e
1406 848 1597 894 masime
1614 851 1797 906 quando

158 928 301 972 dicea:
336 925 642 978 confesatiue,
672 926 758 968 che
774 927 885 969 uera
912 932 1071 982 tenpo,
1102 926 1188 970 che
1204 925 1251 968 ui
1282 932 1440 971 uorete
1468 927 1670 980 confesa,
1703 942 1795 971 non

159 1010 386 1048 trouarete
406 1002 480 1046 chi
502 1002 548 1046 ui
569 1001 779 1046 confessi.
806 1002 985 1045 Adesso
1012 1001 1122 1059 ogni
1148 1017 1240 1045 vno
1267 1002 1368 1048 dice
1389 1005 1476 1048 che
1498 1003 1613 1047 simo
1635 1004 1794 1048 venuti

103 1104 108 1107 ·
154 1097 179 1125 a
197 1082 361 1138 quella,
381 1082 466 1124 che
481 1079 520 1123 si
539 1094 631 1123 non
649 1078 797 1122 fusino
817 1078 848 1121 li
867 1078 969 1122 frati
986 1078 1031 1122 di
1048 1093 1130 1122 san
1147 1080 1183 1123 F
1186 1094 1416 1134 rancesco,
1437 1095 1530 1124 non
1547 1082 1732 1126 morebe
1749 1082 1794 1125 10

155 1165 317 1215 quarto
337 1157 383 1200 di
403 1157 446 1200 la
467 1163 606 1214 gente
627 1157 712 1199 che
736 1154 908 1199 fussino
929 1155 1140 1200 confessi:
1175 1156 1219 1198 vi
1247 1156 1363 1200 facio
1390 1155 1628 1201 intendere
1649 1158 1723 1201 chi
1746 1158 1791 1201 in

155 1241 315 1292 questa
341 1234 457 1277 isula
481 1248 507 1277 e
534 1232 581 1276 in
607 1238 767 1289 questa
796 1238 915 1275 terra
941 1232 1062 1275 vnde
1090 1247 1177 1276 ano
1206 1232 1425 1289 praticato
1452 1233 1485 1276 11
1513 1234 1700 1288 soldati,
1734 1250 1792 1279 ne

152 1327 276 1356 more
298 1310 427 1363 tanti,
452 1311 536 1353 che
552 1324 644 1353 non
665 1308 703 1352 si
720 1323 841 1365 pono
857 1308 1159 1354 incernerare.

239 1389 301 1432 Al
321 1388 435 1431 altra
454 1393 580 1444 parte
594 1386 661 1442 jio
682 1385 728 1429 vi
749 1386 852 1429 dico
873 1387 957 1429 che
979 1386 1023 1429 10
1044 1386 1267 1431 desiderio
1290 1387 1380 1431 mio
1401 1402 1479 1431 era
1506 1389 1681 1446 grande
1704 1390 1791 1434 che

150 1466 197 1509 in
217 1471 378 1523 questa
398 1463 632 1523 proninzia
655 1462 750 1507 cisi
768 1462 931 1507 facessi
947 1478 1038 1506 vno
1054 1464 1232 1521 colegio
1249 1465 1324 1509 del
1339 1465 1498 1509 ordine
1516 1474 1683 1519 vostra,
1703 1468 1789 1510 che

148 1558 239 1587 non
260 1544 304 1586 10
324 1542 564 1599 podereste
585 1540 675 1584 mai
695 1541 895 1593 credere,
922 1548 967 1585 et
988 1541 1083 1584 cosi
1104 1541 1165 1583 mi
1187 1556 1323 1598 parea
1344 1542 1457 1586 fussi
1474 1544 1517 1586 13
1535 1544 1724 1587 uolunta
1741 1544 1788 1587 di

149 1621 192 1663 13
213 1620 332 1663 110113
358 1617 573 1663 memoria
599 1618 672 1662 del
701 1618 816 1661 Rdo.
848 1618 953 1660 dom
983 1616 1221 1671 Siluestro;
1247 1621 1356 1675 pero
1372 1619 1439 1676 jio
1466 1619 1512 1662 vi
1530 1619 1657 1663 uoria
1683 1635 1788 1677 pre-

148 1690 258 1755 gare
279 1695 327 1739 in
347 1696 486 1740 carita
508 1697 594 1740 che
615 1701 776 1751 questa
796 1694 977 1751 inpresa
999 1709 1093 1738 non
1121 1694 1159 1739 si
1187 1696 1290 1739 abia
1311 1711 1338 1740 3
1359 1697 1528 1742 lassare
1550 1695 1629 1758 i[n]
1652 1698 1787 1741 modo

148 1776 311 1818 alcuno
332 1789 412 1831 per
431 1773 476 1816 lo
497 1787 623 1815 amor
638 1772 683 1815 di
705 1771 811 1824 Dio,
837 1772 1078 1832 perchenin
1107 1780 1269 1830 questo
1299 1774 1400 1818 1060
1429 1774 1471 1818 ci
1500 1781 1629 1819 neste
1659 1781 1787 1818 tanto

148 1852 194 1896 di
215 1852 424 1909 bisogno,
454 1850 621 1907 perche
649 1848 727 1905 qui
753 1863 846 1892 non
874 1848 915 1892 ci
943 1856 1040 1893 este
1067 1865 1244 1895 veruno
1273 1853 1458 1904 vescho,
1493 1867 1518 1896 e
1546 1852 1588 1896 le
1616 1866 1786 1908 pouere

147 1928 306 1987 gregie
326 1942 419 1971 non
435 1934 532 1972 este
547 1925 680 1970 chile
695 1940 806 1969 cura
822 1925 867 1968 di
884 1932 1010 1969 tanta
1042 1926 1339 1984 ingnoranzia
1356 1929 1430 1972 chi
1447 1935 1544 1974 este
1561 1929 1608 1971 in
1624 1936 1786 1985 questa

147 2006 277 2060 isula,
301 2020 393 2053 non
415 2011 511 2049 este
532 2003 729 2060 bisogno
751 2002 829 2059 pisi
850 2019 877 2047 a
898 2003 1157 2059 ricordarla‚
1183 2007 1269 2051 che
1287 2006 1362 2050 uoi
1383 2007 1520 2051 credo
1541 2007 1585 2050 10
1608 2014 1780 2063 sapete.

147 2084 208 2127 Al
228 2084 342 2128 altra
361 2088 489 2139 parte
508 2082 553 2124 13
575 2081 763 2124 uolunta
783 2080 829 2123 di
850 2080 989 2136 quelli
1006 2083 1091 2125 che
1114 2089 1294 2127 terneno
1317 2083 1414 2127 Idio
1432 2098 1634 2128 voreano
1650 2084 1725 2127 voi
1742 2084 1784 2127 ci

145 2161 380 2204 mandaste
399 2173 491 2202 vno
511 2159 602 2201 bon
624 2171 758 2202 seruo
779 2157 825 2200 di
845 2156 936 2201 Dio
958 2157 1005 2200 in
1026 2159 1127 2202 loco
1147 2159 1205 2202 de
1226 2160 1270 2203 10
1292 2161 1406 2204 Rdo.
1433 2163 1496 2204 M.
1518 2160 1740 2205 Siluestro
1757 2176 1784 2203 a

146 2244 320 2294 questa:
344 2235 390 2279 vi
411 2235 448 2278 si
469 2235 694 2278 domanda
722 2246 803 2291 pe'r
830 2235 973 2278 lamor
999 2235 1056 2279 de
1087 2235 1194 2289 Dio,
1220 2236 1337 2280 infra
1366 2244 1494 2282 tanto
1517 2244 1678 2293 questa
1699 2252 1783 2294 po-

145 2329 254 2359 uera
274 2313 390 2357 isula
409 2311 554 2369 potria
575 2326 786 2355 mancare
808 2311 852 2355 di
875 2312 988 2356 tanti
1011 2313 1207 2370 trauagli
1226 2321 1397 2370 quanto
1419 2315 1460 2358 ci
1483 2322 1596 2368 este,
1622 2330 1648 2359 e
1669 2329 1780 2358 aua—

145 2390 210 2434 ria
231 2389 452 2434 desiderio
474 2390 559 2433 che
580 2388 618 2431 si
641 2388 804 2433 facessi
826 2389 977 2444 quello
998 2391 1083 2435 che
1105 2389 1183 2446 pisi
1211 2398 1348 2448 tenpo
1371 2391 1474 2436 abio
1502 2391 1778 2445 desiderato,

143 2468 262 2511 forse
282 2466 362 2524 pisi
382 2481 462 2523 per
482 2465 620 2521 quelli
641 2467 727 2510 che
747 2480 860 2509 sono
881 2481 908 2509 3
930 2466 1086 2510 11611116
1107 2468 1192 2512 6116
1213 2482 1292 2524 per
1313 2483 1402 2523 me,
1421 2468 1607 2513 acioche
1629 2469 1672 2512 13
1694 2483 1780 2524 ga-

144 2544 238 2588 tiua
254 2544 392 2601 vigna
413 2542 451 2586 si
472 2542 672 2586 inserissi
694 2541 740 2584 di
761 2543 804 2586 13
825 2543 944 2586 bona
966 2544 999 2586 ².

217 2683 227 2703 ¹
278 2679 379 2716 Vide
396 2678 499 2726 apud
515 2679 734 2725 POLANCO,
754 2684 781 2714 t.
809 2688 865 2726 1v,
885 2691 978 2726 pag.
1001 2680 1068 2716 681
1090 2686 1130 2716 et
1156 2692 1280 2729 seqq.:
1301 2683 1490 2719 Processo
1509 2684 1672 2719 intorno
1690 2682 1777 2717 alla

142 2741 295 2775 santii&
312 2739 376 2775 del
393 2739 444 2774 P.
466 2738 657 2774 Sil-vestro
678 2738 870 2780 Landim‘,
890 2745 970 2775 etc.

213 2802 228 2821 ²
279 2799 406 2834 «Ante
436 2798 569 2843 etiam,
588 2808 704 2844 quam
734 2803 951 2834 moreretur
980 2799 1028 2834 P.
1053 2798 1272 2846 Sylvester,
1292 2800 1537 2847 judicaverat
1565 2800 1775 2847 [Ignatius]

143 2857 328 2906 expedire
346 2862 389 2892 ut
406 2868 455 2892 ex
474 2868 520 2892 ea
536 2855 677 2903 insula,
696 2861 854 2903 propter'
870 2857 1186 2904 perturbationes
1211 2858 1448 2906 innumeras,
1474 2872 1573 2907 quae
1597 2859 1776 2906 spiritua-

142 2919 219 2954 lem
237 2917 406 2953 fructum
422 2915 671 2963 impedirent,
690 2915 833 2964 [ambo]
852 2917 1097 2953 recederent.
1116 2911 1238 2954 Pater'
1250 2930 1344 2965 ergo
1362 2920 1606 2965 Emmanuel,
1624 2908 1740 2966 prout
1752 2930 1776 2954 a

141 2978 190 3013 P.
225 2975 377 3023 Ignatio
402 2975 529 3010 fuerat
558 2975 854 3022 praescriptum,
878 2987 925 3012 eo
949 2975 1032 3012 fere
1057 2983 1247 3024 tempore,
1271 2991 1349 3026 quo
1373 2979 1422 3014 de
1450 2990 1611 3014 recessu
1635 2989 1776 3013 versus

142 3035 378 3072 Florentiam
396 3035 440 3069 P.
460 3034 618 3080 Laynez
635 3035 792 3080 agebat,
811 3034 992 3071 Genuam
1009 3035 1229 3083 pervenit.»
1249 3038 1467 3084 POLANCO,
1487 3043 1515 3073 t.
1531 3046 1587 3083 lv,
1602 3048 1690 3084 pag.
1711 3035 1773 3081 38,

142 3108 181 3131 n.
202 3103 261 3141 55.

283 3163 475 3192 Emsrouut
497 3162 644 3196 Minu.
662 3169 742 3192 τοι.
763 3169 815 3192 xv.
1572 3166 1589 3193 7
