2034 3476
858 247 905 285 29
929 238 1031 282 MAJI
1058 246 1150 284 1554
1708 250 1774 278 221

185 343 288 388 altri
309 342 472 387 fratelli
494 341 561 385 soi
582 341 657 385 ani
677 340 825 385 ordini
846 339 980 394 sacri,
1005 341 1092 385 che
1113 340 1171 383 de
1192 340 1398 386 retirarlo
1415 341 1626 387 indrieto.
1647 343 1682 385 11
1699 357 1826 386 scro—

187 421 294 478 polo
310 434 395 464 suo
410 434 503 463 non
519 433 596 462 era
611 433 755 463 senon
771 420 873 471 che,
887 417 1058 461 esendo
1074 417 1181 461 nelli
1191 418 1411 463 essercitii
1429 418 1651 476 spirituali
1667 419 1715 462 in
1730 421 1826 463 Co-

187 497 324 550 lonia,
349 497 497 541 hebbe
518 511 609 539 vna
629 495 923 553 inspiratione
944 495 1002 537 da
1022 493 1128 547 Dio,
1153 496 1238 539 che
1259 510 1309 539 se
1330 495 1518 539 doueria
1539 497 1634 539 fare
1656 497 1714 540 de
1734 512 1827 540 non

188 589 240 618 so
260 576 346 619 che
367 573 525 618 ordine
545 574 603 616 de
623 580 755 617 santo
779 572 938 625 Paulo,
958 578 1005 616 et
1026 572 1075 614 fu
1092 586 1309 628 persuaso
1325 573 1399 616 dal
1423 574 1476 616 P.
1503 575 1550 617 M
1558 584 1595 616 ,e
1622 574 1824 617 Leonar-

188 652 248 695 do
269 650 280 671 ¹
304 652 361 696 de
381 651 538 696 venire
559 667 586 694 a
607 652 764 703 Roma,
791 650 912 694 doue
935 648 1003 698 lui
1019 648 1190 693 diciaro
1217 657 1379 705 questa
1409 665 1515 694 cosa
1538 651 1579 695 al
1609 665 1694 695 suo
1716 666 1830 694 con-

188 729 375 781 fessore,
401 742 530 772 come
551 733 828 771 certamente
850 726 1044 771 essendo
1071 727 1220 783 quella
1248 727 1527 772 reuelatione
1546 728 1612 784 ¹de
1639 727 1746 781 Dio,
1783 735 1831 773 et

187 807 288 858 che,
319 805 358 848 si
380 811 499 848 tutto
527 804 559 847 il
585 804 754 847 mondo
781 803 813 846 li
839 803 1015 848 dicesse
1042 803 1173 856 altro,
1204 805 1291 847 che
1318 804 1408 847 mai
1436 805 1480 848 lo
1508 805 1722 849 erederia.
1758 808 1832 850 De

189 889 350 939 questa
371 881 617 938 pertinacia
633 882 678 924 lo
694 895 876 938 represe
892 881 950 924 V.
972 881 1027 924 R,
1038 914 1048 931 ‚
1068 887 1115 923 et
1130 881 1225 924 cosi
1241 896 1349 937 pare
1366 883 1452 927 che
1468 897 1559 925 non
1577 896 1626 925 se
1648 882 1833 939 aquieto

188 959 263 1003 dal
285 966 419 1002 tutto.
445 959 623 1002 Adesso
643 959 749 1015 lege
769 957 801 1000 11
821 956 1048 1001 breuiario
1075 971 1163 1001 eon
1188 972 1278 1002 vno
1306 958 1413 1003 delli
1436 958 1596 1012 nostri,
1621 959 1668 1004 in
1690 960 1832 1017 luogo

190 1036 264 1079 del
285 1035 432 1079 officio
453 1036 511 1080 de
532 1042 686 1078 nostra
715 1034 926 1091 Signora.
959 1035 1049 1078 M.⁰
1078 1035 1252 1078 Erardo
1279 1034 1429 1080 studia
1458 1035 1834 1093 principalmente

191 1113 311 1158 nella
327 1111 575 1169 theologia,
586 1119 632 1155 et
646 1113 732 1157 M.⁰
749 1111 1034 1157 Theodorieo
1052 1110 1253 1156 Canisio:
1271 1113 1297 1156 e
1308 1112 1480 1168 jouane
1496 1114 1638 1157 molto
1654 1114 1833 1157 colum-

190 1189 299 1234 bino
319 1198 364 1234 et
386 1190 444 1234 de
464 1190 618 1233 buona
638 1196 783 1246 pasta,
809 1177 1192 1233 mansuetissimo.

277 1268 329 1310 In
346 1273 505 1322 questa
521 1265 773 1310 mutatione
789 1266 847 1309 de
862 1264 1052 1318 stanzia‚
1074 1265 1181 1308 tutti
1197 1265 1228 1308 li
1246 1266 1390 1309 nostri
1408 1266 1573 1310 fratelli
1589 1281 1706 1311 sono
1725 1267 1835 1310 stati

190 1343 403 1396 amallati,
429 1357 558 1387 come
579 1344 637 1387 de
658 1343 799 1395 febre,
823 1343 882 1385 de
902 1343 1042 1385 flusso
1063 1342 1121 1387 de
1141 1348 1325 1396 ventre,
1357 1350 1403 1387 et
1430 1344 1584 1388 dolore
1612 1345 1668 1388 de
1691 1351 1825 1397 testa,

189 1421 299 1464 luno
320 1419 414 1477 pisi,
438 1420 570 1463 laltro
591 1433 768 1463 manco:
790 1419 847 1462 ad
863 1418 1047 1463 alchuni
1063 1433 1113 1462 se
1134 1420 1160 1463 6
1182 1426 1347 1463 cauato
1363 1419 1395 1462 il
1412 1435 1604 1477 sangue,
1624 1428 1671 1465 et
1687 1422 1745 1465 ad
1761 1422 1828 1465 al—

189 1496 246 1540 tri
266 1496 460 1554 puocchi
481 1510 531 1540 se
551 1511 666 1540 sono
689 1496 794 1539 date
821 1495 981 1553 legieri
1008 1495 1293 1553 purgationi,
1325 1503 1371 1540 et
1401 1498 1512 1540 hora
1535 1497 1642 1540 tutti
1670 1497 1830 1554 quanti

188 1580 356 1618 stanno
378 1574 511 1618 bene.
538 1573 663 1617 Iddio
679 1572 720 1616 ci
737 1572 948 1617 conserui
966 1572 1089 1626 tutti,
1110 1580 1282 1629 quanto
1304 1574 1347 1617 al
1364 1588 1502 1631 corpo
1525 1581 1571 1619 et
1593 1582 1765 1630 quanto
1787 1575 1833 1619 al

157 1671 166 1673 ⁴
189 1650 354 1704 anima,
366 1651 413 1694 in
422 1651 615 1708 perfetta
631 1650 794 1703 sanita,
814 1649 1031 1694 medianti
1041 1650 1084 1695 le
1095 1657 1224 1694 sante
1240 1650 1503 1696 orationide
1514 1653 1572 1695 V.
1588 1653 1643 1696 R.
1660 1652 1825 1696 Amen.

188 1729 259 1772 De
280 1727 458 1772 Vienna
481 1741 537 1786 29
558 1728 616 1772 de
638 1727 793 1785 Magio
821 1737 948 1783 1554.
973 1729 1043 1771 De
1065 1728 1128 1771 V.
1160 1729 1215 1771 R.
1240 1728 1402 1773 inutile
1424 1728 1598 1786 figliolo
1627 1736 1673 1774 et
1695 1743 1833 1774 seruo

190 1804 238 1848 in
253 1806 366 1863 Jesi‘i
387 1805 490 1858 X.⁰,

1007 1882 1260 1926 NICOLAUs
1283 1897 1347 1926 DE
1369 1883 1588 1927 LANNOY.

280 2018 537 2074 Inscripiio:
559 1981 648 2062 Isis.
674 2018 734 2062 Al
750 2019 891 2063 molto
908 2019 1023 2063 Rdo.
1043 2018 1091 2061 in
1106 2017 1193 2062 X.⁰
1212 2019 1376 2072 Padre,
1402 2018 1434 2062 il
1458 2021 1509 2063 P.
1533 2022 1579 2064 M
1587 2031 1625 2063 ‚e
1650 2019 1833 2077 Ignatio

190 2094 248 2138 de
268 2095 453 2152 Loyola,
478 2095 707 2152 preposito
728 2096 846 2140 della
866 2095 1150 2153 Compagnia
1170 2096 1228 2141 de
1244 2097 1372 2154 Jessl,
1398 2095 1445 2139 in
1468 2098 1629 2140 Roma.

281 2173 389 2215 Alia
409 2187 567 2215 manu:
590 2172 711 2216 Addi
739 2184 790 2228 17
812 2174 869 2217 de
890 2173 1097 2230 Giugno.

267 2357 279 2379 ¹
330 2356 557 2392 Leonardus
576 2357 716 2393 Kessel
725 2382 736 2393 .
