2060 3432
758 246 780 284 5
804 235 1065 275 smmum
1093 243 1183 282 1555
1672 237 1738 284 841

896 490 1057 532 1⁹29

756 580 958 618 PETRUS
983 579 1192 618 SILVIUS

601 664 787 708 PATRI
812 665 1060 722 JACOBO
1093 665 1317 709 LAINEZ

656 760 796 788 rmum
820 759 841 797 5
867 760 1124 789 sumamus
1154 761 1243 798 1555
1272 756 1298 789 ¹.

261 829 403 865 Intimo
419 828 652 865 christianae
669 829 898 866 humilitatis
915 841 1033 865 sensu
1051 829 1205 865 veniam
1222 829 1272 867 de
1289 829 1509 878 praeteritis
1527 830 1671 878 poscit.

960 905 983 942 †

921 944 1017 1001 jhs.

247 1031 405 1076 Gratia
425 1038 471 1075 et
492 1046 580 1088 pax
601 1031 769 1074 domini
791 1031 933 1075 nostri
956 1034 1055 1089 Jesv
1073 1031 1242 1076 Christi
1263 1033 1322 1076 sit
1339 1047 1443 1079 cum
1467 1033 1677 1077 omnibus
1697 1048 1782 1078 no-

160 1109 243 1153 bis.
270 1109 434 1153 Amen.
461 1109 648 1165 Semper
667 1107 776 1151 mihi
798 1108 883 1152 fuit
904 1109 1096 1162 animus,
1122 1109 1435 1155 colendissime
1459 1112 1610 1163 Pater,
1637 1111 1710 1155 uel
1727 1110 1782 1153 li-

159 1192 355 1230 terarum
378 1184 744 1238 missiculatione,
770 1186 843 1229 uel
865 1198 1152 1241 quocumque
1174 1187 1407 1231 commode
1428 1201 1608 1243 possem
1626 1187 1778 1239 modo,

157 1276 229 1306 me
254 1261 436 1307 diuinae
471 1261 686 1305 bonitatis
717 1260 940 1318 prodigio,
971 1277 1028 1306 ex
1059 1276 1149 1318 quo
1177 1261 1263 1306 Dei
1292 1262 1488 1306 amicum
1519 1263 1779 1308 Cornelium

157 1339 436 1383 Wischauen
454 1339 527 1384 uel
542 1339 600 1384 de
623 1338 736 1383 facie
758 1338 882 1392 noui,
896 1338 943 1382 in
966 1338 1062 1384 dies
1083 1338 1230 1397 magis
1251 1346 1386 1396 atque
1403 1339 1550 1397 magis
1565 1347 1645 1383 aut
1666 1339 1777 1385 resi—

157 1415 322 1472 puisse,
348 1422 426 1459 aut
446 1415 714 1460 maetaniam
736 1417 897 1460 saltem
917 1430 1009 1459 non
1030 1416 1257 1461 defessum
1279 1417 1412 1474 (clare
1435 1417 1686 1474 professum
1708 1417 1778 1461 di-

155 1506 259 1536 cere
279 1507 370 1536 non
391 1491 497 1536 sinit
518 1492 773 1545 infidelitas,
795 1507 884 1549 qua
905 1491 952 1535 in
974 1492 1230 1536 obedientia
1250 1507 1361 1537 usus
1382 1494 1500 1550 surn)
1525 1493 1606 1537 tibi
1628 1494 1779 1538 decla—

155 1583 268 1613 rare.
294 1568 535 1626 Indignum
556 1583 629 1613 me
650 1568 788 1613 fuisse
811 1583 896 1613 usu
916 1569 1195 1625 paternitatis
1229 1577 1350 1623 tuae,
1376 1570 1476 1626 quis
1498 1570 1665 1616 nescit?
1687 1572 1778 1616 Sed

154 1646 201 1690 id
221 1660 321 1690 meo
343 1645 481 1690 solius
502 1653 688 1703 peccato
709 1645 957 1703 contigisse
980 1661 1211 1703 nunquam
1238 1661 1346 1701 non,
1371 1647 1480 1690 dum
1504 1647 1673 1700 uiuam,
1697 1648 1776 1692 de-

158 1723 357 1780 plorabo.

241 1800 388 1844 Nolim
408 1799 551 1844 uideri
564 1807 836 1856 extorquere
857 1801 974 1846 uelle
998 1800 1078 1844 tibi
1101 1800 1374 1846 conuiuendi
1397 1802 1675 1855 facultatem,
1690 1816 1778 1858 qua

151 1884 242 1921 tam
266 1877 453 1934 turpiter
474 1877 682 1930 abutens,
707 1877 774 1920 uti
795 1892 928 1934 posse
950 1893 1040 1922 non
1063 1892 1253 1923 mereor.
1278 1879 1469 1923 Gaudeo
1488 1893 1560 1923 me
1576 1879 1776 1935 potuisse

150 1953 272 2006 olim,
297 1967 419 1998 nunc
439 1969 532 1998 non
551 1969 699 2011 posse,
726 1955 846 2010 quod
868 1969 970 1999 cum
993 1969 1190 2011 possem,
1212 1955 1430 2000 noluerim
1448 1970 1681 2011 nunquam
1703 1956 1774 1998 lu-

150 2030 289 2087 gendi
310 2031 445 2075 finem
468 2031 676 2084 facerem,
690 2030 776 2075 nisi
788 2031 920 2076 cuius
944 2032 1050 2076 uiuo
1071 2031 1389 2085 misericordia,
1408 2032 1604 2076 iustitiae
1626 2033 1775 2077 animo

152 2113 246 2150 toto
269 2108 534 2164 gratularer.
560 2109 710 2164 Quam
732 2107 841 2150 mihi
862 2108 1006 2152 dulcis
1036 2107 1102 2151 tui
1134 2107 1364 2162 memoria,
1392 2111 1541 2161 Pater,
1567 2109 1644 2165 qui
1667 2108 1775 2151 mihi

153 2184 337 2228 uolebas
367 2199 466 2229 esse
493 2191 641 2240 pater,
671 2192 717 2228 et
751 2200 866 2229 eras:
902 2200 1037 2240 quam
1067 2200 1174 2229 uero
1206 2185 1293 2230 mei
1322 2186 1593 2242 poenitenda
1622 2199 1775 2230 recor-

149 2260 319 2315 dantia,
339 2260 415 2316 qui
446 2267 552 2304 tuus
583 2276 683 2306 esse
704 2276 789 2306 nec
812 2262 935 2305 uolui
956 2276 1040 2306 nec
1069 2262 1150 2315 fui,
1175 2261 1261 2305 nisi
1284 2263 1432 2306 forsan
1461 2262 1652 2319 prodigo
1678 2277 1772 2306 ma-

150 2336 222 2393 gis
245 2337 521 2381 temerarius.
549 2338 782 2395 Agnosco,
809 2340 959 2391 Pater,
986 2338 1075 2382 tuis
1098 2353 1170 2382 me
1192 2338 1371 2383 monitis
1393 2338 1701 2383 obsurduisse:
1727 2338 1773 2382 id

218 2450 228 2469 ¹
280 2449 337 2484 Ex
355 2451 593 2497 autographo
610 2450 650 2485 in
668 2450 745 2486 vol.
765 2451 845 2486 Lit.
868 2451 1086 2496 Quadrim.
1105 2460 1213 2495 1555,
1230 2451 1344 2487 unico
1361 2451 1445 2497 fol.‚
1464 2463 1503 2486 n.
1523 2459 1579 2495 14,
1595 2451 1700 2497 prius
1710 2461 1770 2496 49.

152 2508 367 2555 —Epistola
379 2510 475 2545 haec
488 2510 601 2556 plane
616 2509 782 2555 intelligi
796 2514 927 2556 potest
941 2521 989 2545 ex
1003 2510 1078 2555 his,
1091 2521 1191 2557 quae
1207 2510 1257 2546 de
1275 2510 1359 2557 ejus
1378 2516 1550 2555 auctore,
1567 2510 1682 2545 Petro
1700 2509 1773 2545 Sil-

148 2567 211 2603 vio
224 2568 377 2611 (Petrus
392 2580 466 2604 van
480 2569 556 2604 den
570 2570 741 2604 Bossche
754 2570 803 2605 ab
817 2569 902 2605 aliis
917 2569 1254 2615 scribitur),tradit
1269 2570 1485 2615 POLANCO,
1496 2575 1522 2605 t.
1539 2578 1692 2615 111‚pag.
1708 2578 1769 2615 20,

148 2639 186 2662 n.
207 2627 265 2671 28,
283 2639 328 2663 ac
346 2633 377 2663 t.
393 2636 435 2674 v,
454 2639 542 2675 pag.
563 2637 623 2674 50,
642 2640 680 2664 n.
705 2637 771 2664 100
788 2634 827 2664 et
846 2639 934 2675 pag.
955 2637 1015 2675 52,
1029 2640 1068 2664 n.
1088 2637 1168 2673 107.
1184 2629 1303 2664 Porro
1317 2628 1394 2675 hic,
1415 2629 1558 2675 probus
1572 2628 1663 2663 olim
1682 2627 1771 2663 ado·

145 2685 311 2729 lescens,
331 2685 468 2721 illusus
487 2687 585 2722 male
603 2698 624 2721 a
641 2686 843 2730 daemone,
863 2691 903 2721 et
920 2697 1013 2722 suae
1031 2686 1245 2722 valetudini
1264 2693 1446 2723 nocuerat
1461 2692 1501 2722 et
1518 2698 1540 2722 a
1553 2692 1659 2722 recta
1672 2687 1771 2722 obe·

143 2743 314 2780 dientiae
334 2744 396 2780 via
409 2744 490 2791 jam
507 2745 727 2781 Florentiae
745 2745 958 2781 deflexerat
975 2746 1048 2781 sub
1065 2745 1294 2793 provinciali
1312 2746 1470 2791 Lainez,
1490 2751 1532 2781 ut
1550 2745 1769 2781 monuimus

146 2803 186 2839 in
203 2804 418 2850 POLANCO‚
438 2809 468 2839 t.
493 2813 550 2851 111,
568 2816 655 2851 pag.
678 2813 736 2840 20.
756 2809 888 2840 annot.
908 2803 943 2840 3.
964 2804 1043 2851 Qui
1061 2806 1234 2852 morbus,
1254 2811 1332 2841 tam
1357 2805 1474 2841 animi
1499 2816 1613 2852 quam
1636 2815 1769 2852 corpo-

143 2862 212 2907 ris,
230 2862 352 2908 magis
370 2863 515 2898 Romae
538 2865 612 2899 sub
636 2863 787 2910 Ignatio
811 2864 950 2908 crevit3
969 2863 1094 2900 donec
1111 2864 1268 2900 tandem
1286 2864 1506 2912 aliquando,
1527 2863 1600 2899 Dei
1623 2863 1768 2899 benefi-

143 2921 217 2963 cio,
237 2921 369 2957 solerti
386 2921 527 2968 Ignatii
543 2921 748 2969 prudentia
766 2922 983 2959 exstinctus
1002 2928 1075 2959 est.
1096 2922 1305 2959 Caeterum
1325 2923 1485 2969 Silvius,
1500 2923 1540 2959 in
1558 2928 1665 2958 recte
1682 2933 1769 2958 coe-

143 2980 220 3025 ptis
249 2991 518 3028 perseverans,
541 2983 704 3017 multum
734 2981 989 3030 sequentibus
1015 2982 1125 3018 annis
1144 2981 1185 3018 in
1214 2981 1413 3019 Societate
1443 2982 1699 3028 adlaboravit,
1727 2987 1768 3018 et

143 3039 301 3075 beatum
317 3038 435 3076 finem
452 3044 514 3076 est
530 3046 808 3088 consequutus,
