2060 3450
787 221 831 259 19
857 212 1027 250 Arruns
1056 220 1145 258 1555
1662 220 1728 258 591

132 315 298 374 piacia,
329 329 422 359 una
447 314 601 359 chiesa
623 316 843 358 honorata
864 313 982 357 assai
1010 327 1191 370 capace,
1224 314 1299 357 u'e
1322 328 1386 357 un
1405 327 1548 370 90000
1576 314 1623 356 d'
1645 315 1779 358 horto

134 372 253 438 etlla
280 407 408 445 casa,
439 392 483 436 13
510 392 645 447 quale
682 406 732 435 se
758 406 850 435 non
878 391 1001 435 fosse
1029 389 1147 434 assai
1176 391 1398 453 hastan-te,
1430 392 1476 433 u'
1507 390 1534 434 ἑ
1560 391 1694 435 luoco
1721 391 1779 437 da

144 469 365 523 dilatarsi,
390 477 436 514 et
456 483 587 513 come
608 469 655 512 in
678 471 755 511 un'
780 467 910 512 isula.

233 545 289 590 Ci
321 547 346 589 6
379 546 580 589 anchora
611 546 654 589 la
686 545 858 602 capella
887 543 934 587 di
964 551 1094 588 santo
1124 545 1346 597 Bernabe,
1378 545 1435 588 de
1465 544 1540 588 cui
1561 545 1586 588 e
1609 552 1777 590 rettore

143 625 225 667 -un’
249 622 486 666 sacerdote
518 622 658 665 molto
691 622 749 664 da
779 622 912 674 bene,
947 619 1172 664 chiamato
1193 620 1284 664 don
1313 621 1552 664 Anthonio
1580 623 1616 665 F
1618 621 1711 666 iore
1732 622 1778 665 di

147 700 273 744 Bello
298 700 327 752 ¹,
352 698 383 741 il
404 699 538 754 quale
559 698 707 754 questi
724 697 875 755 giorni
895 699 922 741 6
942 704 1122 754 9355310
1144 712 1250 754 qua,
1269 705 1315 741 et
1337 713 1395 741 ua
1416 713 1443 741 a
1463 699 1622 752 Roma,
1648 714 1776 743 man-

138 777 251 821 dato
281 791 360 834 per
391 775 708 820 imbasciatore
736 790 762 818 a
789 775 837 819 S.
863 776 956 820 Sa&
983 775 1218 818 dal'Illmo.
1258 774 1486 818 cardinale
1522 776 1777 832 Inghelter-

144 868 193 896 ra
216 853 250 906 ³,
273 860 319 898 et
335 853 409 896 dal
430 851 718 897 serenissimo
735 865 784 894 re
802 850 1026 907 Philippo,
1045 857 1133 896 etc.
1159 852 1174 873 ⁵
1193 851 1434 896 Crediamo
1450 853 1525 895 ch'
1543 853 1710 897 arebbe
1730 853 1776 896 di

143 929 292 987 gratia
313 929 359 972 di
381 930 476 974 fare
497 945 523 973 a
545 928 710 985 piacer’
730 943 758 971 o
780 927 1036 985 gratificare
1057 943 1140 972 sua
1162 931 1288 982 ΒΗΘ,
1313 930 1440 972 ouer’
1463 930 1495 971 l'
1514 929 1777 974 eccellentia

147 1007 223 1050 del
243 1007 378 1059 duca,
403 1006 585 1061 quando
608 1007 727 1049 fosse
749 1006 808 1048 da
827 1005 923 1048 loro
943 1004 1171 1049 richiesto.
1196 1007 1254 1049 Et
1274 1005 1306 1048 il
1326 1020 1410 1049 suo
1431 1007 1586 1063 padre,
1610 1006 1639 1049 il
1662 1021 1777 1063 qua-

133 1071 186 1128 16
207 1081 398 1127 e'amico
418 1090 590 1136 nostro,
614 1083 833 1126 l’harebb’
854 1097 880 1124 a
900 1095 1021 1134 carc,
1041 1089 1087 1125 et
1105 1082 1226 1127 forse
1241 1082 1272 1125 il
1293 1083 1418 1126 detto
1440 1090 1609 1128 rettore
1630 1083 1671 1127 ci
1692 1086 1775 1128 ha-

146 1161 285 1204 rebbe
306 1159 383 1217 gia
404 1160 696 1203 accomodato
717 1159 790 1215 pel
812 1166 1006 1215 passato;
1031 1174 1105 1202 ma
1132 1160 1175 1202 fa
1195 1159 1413 1204 difficulta
1439 1159 1486 1202 in
1507 1175 1599 1203 non
1623 1162 1775 1207 uolere

145 1237 298 1282 leuare
320 1236 351 1279 il
374 1251 458 1280 suo
479 1237 727 1292 capellano,
753 1236 795 1278 al
815 1236 949 1291 quale
970 1243 1099 1292 porta
1120 1237 1294 1293 grande
1320 1236 1566 1290 affettione,
1590 1253 1671 1294 per
1691 1240 1774 1282 ha-

147 1314 274 1358 uerlo
314 1320 525 1357 truouato
556 1327 748 1369 persona
779 1313 835 1355 da
873 1313 1011 1366 bene,
1045 1328 1070 1357 e
1105 1315 1190 1358 che
1220 1313 1376 1357 satisfa
1411 1314 1454 1356 al
1487 1315 1668 1371 popolo.
1709 1317 1775 1360 La

146 1390 300 1435 chiesa
331 1391 356 1434 6
378 1391 631 1444 commoda,
657 1390 724 1433 fra
753 1389 818 1446 gli
839 1388 987 1442 amici,
1012 1404 1075 1432 un
1097 1403 1238 1446 pocco
1265 1391 1309 1433 d’
1328 1391 1477 1444 horto,
1501 1397 1548 1434 et
1569 1405 1709 1447 penso
1731 1393 1774 1436 la

136 1482 250 1511 casa
274 1481 427 1511 essere
448 1481 629 1524 capace,
655 1467 820 1510 ssendo
841 1468 1037 1510 anchora
1059 1481 1274 1523 appresso
1294 1467 1456 1511 alcune
1476 1468 1534 1511 da
1556 1469 1769 1513 uendere.

234 1543 288 1588 Ci
312 1545 338 1588 e
358 1543 432 1600 poi
453 1552 583 1587 santo
612 1544 945 1596 Bartholomeo,
970 1544 1044 1588 del
1070 1544 1203 1600 quale
1229 1558 1322 1587 non
1349 1546 1385 1587 s’
1411 1545 1558 1588 hebbe
1579 1544 1773 1602 risposta

139 1622 221 1664 -dal
237 1620 463 1665 cardinale
480 1622 686 1673 Morone,
699 1620 881 1675 quando
898 1634 947 1663 se
963 1619 1028 1677 gli
1040 1620 1218 1664 scrisse.
1239 1608 1276 1664 ΪΞ
1291 1620 1339 1663 in
1352 1620 1510 1665 ottimo
1526 1621 1628 1674 sito,
1644 1622 1773 1666 fuora

133 1705 301 1742 ‘tamen
321 1696 367 1740 di
389 1697 591 1754 strepito,
612 1696 764 1741 chiesa
780 1696 1159 1742 mediocremente
1179 1712 1360 1754 capace:
1381 1699 1406 1742 6
1428 1712 1538 1743 uero
1560 1701 1644 1744 che
1659 1715 1773 1756 pen*

147 1789 199 1818 so
229 1775 272 1818 la
303 1789 408 1817 casa
437 1789 530 1817 non
556 1775 694 1818 esser’
727 1781 886 1830 troppo
908 1775 1262 1829 accommodata,
1302 1775 1511 1820 massime
1546 1790 1626 1831 per
1658 1776 1772 1819 farui

139 1850 282 1896 —etiam
311 1851 482 1903 scuola,
513 1858 559 1895 et
585 1851 670 1893 che
697 1849 1028 1907 bisognarebbe
1050 1851 1286 1905 fabricare,
1317 1858 1364 1895 et
1391 1852 1510 1896 forse
1540 1867 1773 1909 comprare

145 1934 268 1972 certe
290 1927 505 1983 casupule
531 1929 615 1970 che
642 1927 673 1970 li
695 1934 857 1970 stanno
885 1934 1095 1972 attacate.
1121 1928 1196 1972 Dil
1217 1936 1337 1972 resto
1358 1944 1450 1972 non
1471 1944 1521 1972 so
1544 1930 1673 1983 altro,
1699 1945 1772 1975 56-

144 2005 322 2048 nonche
343 2019 429 2047 con
451 2004 668 2047 difficulta
690 2003 727 2047 si
750 2003 1067 2048 trasferirebbe
1087 2005 1131 2047 13
1152 2019 1261 2048 cura
1282 2020 1362 2062 per
1378 2013 1514 2049 conto
1536 2007 1609 2050 (161
1630 2021 1774 2063 popo-

145 2081 205 2135 lo,
229 2081 431 2124 abenche
453 2080 483 2122 il
505 2081 737 2136 capellano
765 2081 791 2124 e
812 2081 870 2123 da
891 2081 987 2124 loro
1009 2082 1098 2124 mal
1126 2089 1318 2134 accetto,
1343 2097 1423 2138 per
1450 2098 1542 2126 nou
1564 2084 1658 2127 fare
1679 2083 1774 2127 cosi

146 2158 263 2202 bene
292 2157 471 2200 l’uffitio
502 2172 586 2200 suo
619 2146 752 2201 forse.
790 2158 939 2202 Credo
971 2159 1044 2201 ch’
1076 2158 1107 2200 il
1138 2165 1306 2203 rettore
1333 2159 1378 2202 di
1405 2174 1504 2203 essa
1534 2159 1773 2217 (chiamato

148 2236 210 2279 M.
236 2234 336 2278 Gio.
370 2233 601 2290 Faloppia‚
637 2240 803 2290 agente
829 2234 903 2277 del
930 2236 1060 2278 Rmo.
1091 2234 1318 2280 cardinale
1346 2237 1487 2281 Santa
1514 2238 1549 2280 F
1552 2236 1645 2281 iore
1675 2237 1704 2293 ⁴)
1734 2236 1772 2280 si

140 2311 500 2355 >contentarebbe
535 2310 717 2354 lassarci
749 2310 779 2353 il
815 2311 948 2354 luoco
979 2311 1138 2366 libero,
1171 2326 1258 2355 con
1288 2312 1522 2357 riseruarsi
1554 2313 1768 2368 l’intrata,

148 2388 313 2446 perche
334 2389 447 2430 hora
468 2387 556 2430 mai
578 2387 724 2431 debbe
746 2389 914 2432 hauere
937 2387 1049 2431 tanti
1077 2389 1276 2445 benefitij
1305 2390 1598 2434 ecclesiastici
1622 2393 1653 2442 ⁵,
1678 2398 1767 2434 etc.

221 2543 231 2564 ¹
282 2541 400 2577 Varie
416 2541 531 2588 hujus
550 2541 623 2577 viri
640 2553 858 2587 cognomen
883 2553 905 2576 a
923 2541 1039 2577 variis
1058 2541 1252 2585 scribitur,
1272 2544 1499 2590 Fiorabelli‚
1519 2545 1771 2592 Fiordibello,

147 2599 363 2636 Fioribelli.
388 2601 463 2636 Hic
480 2606 614 2648 postea
633 2600 783 2636 Lavelli
800 2600 1021 2647 episcopus,
1036 2600 1157 2637 Paulo
1169 2602 1240 2648 IV,
1254 2603 1442 2650 pontifici,
1460 2616 1481 2638 a
1499 2604 1660 2640 secretis
1674 2604 1765 2642 fuit.

146 2658 239 2705 Ejus
257 2659 427 2706 elogium
457 2671 506 2695 ex
530 2659 577 2696 C.
602 2659 730 2696 Cantfl
766 2659 854 2695 vide
878 2659 980 2706 apud
1009 2659 1228 2708 POLANCO,
1246 2667 1280 2698 t.
1298 2671 1355 2709 111,
1386 2674 1473 2710 pag.
1510 2663 1589 2709 156⁷
1621 2676 1659 2700 n.
1685 2663 1769 2707 312,

142 2723 276 2754 annot.
299 2726 331 2754 1.

213 2779 228 2799 ¹
278 2777 518 2823 Reginaldus
536 2778 654 2814 Polus
671 2778 810 2822 (Pole).

214 2837 228 2857 ³
278 2837 494 2882 POLANco,
514 2842 547 2872 t.
571 2849 613 2884 v,
633 2848 725 2884 pag.
756 2835 816 2883 35,
842 2850 885 2873 n.
908 2837 968 2873 62.

214 2897 229 2917 ⁴
278 2894 407 2931 Guido
427 2895 618 2931 Ascanius
636 2895 794 2943 Sfortia‚
807 2896 1012 2932 cardinalis
1025 2896 1153 2933 dietus
1167 2897 1216 2934 de
1230 2897 1373 2935 Sancta
1390 2900 1516 2946 Flora,
1538 2900 1772 2948 Santifiore.

146 2953 363 2999 Pommco,
383 2959 410 2989 t.
431 2963 473 3000 11,
491 2965 580 3001 pag.
604 2954 684 3000 167,
708 2967 751 2991 n,
774 2955 810 2991 8.

218 3014 234 3036 ⁵
282 3013 358 3050 Ms.
381 3013 613 3049 ecclastichz.
