2014 3470
349 319 420 355 402
839 311 1077 349 EP1sr0LAE
1102 309 1311 344 Mun-AE-
1321 307 1391 344 882

297 418 464 467 questo
487 411 548 455 mi
569 412 848 469 maraueglio
870 412 1013 455 molto
1034 425 1059 454 e
1081 410 1141 453 mi
1161 409 1329 467 doglio,
1349 409 1674 455 considerando
1695 412 1781 456 che
1796 410 1828 454 il
1844 411 1926 456 de-

297 488 451 532 monio
473 487 639 532 habbia
661 495 787 532 tanto
809 487 1007 532 dominio
1029 487 1075 530 in
1097 493 1258 542 questa
1283 493 1433 543 parte;
1462 493 1509 530 et
1536 502 1628 531 non
1655 502 1704 531 so
1734 488 1839 543 qual
1859 487 1927 531 513

299 566 340 609 13
361 579 514 618 631153,
541 579 590 609 56
611 580 703 609 11011
726 567 810 609 6116
831 579 973 622 penso
996 566 1080 609 che
1101 579 1158 607 va
1184 563 1473 620 imaginando
1500 566 1586 609 che
1616 578 1730 621 poco
1758 579 1784 608 a
1810 579 1926 621 poco

292 641 523 686 habbiano
551 643 608 686 de
635 657 786 687 essere
812 640 1085 685 manifestati
1115 639 1147 683 li
1174 639 1241 683 soi
1271 640 1460 697 inganni
1486 647 1532 686 et
1566 641 1598 683 li
1625 640 1725 684 suoi
1760 641 1924 685 instru-

291 719 450 764 menti.
563 773 567 777 Δ
1881 774 1883 777 ¹

383 797 562 852 Questo
590 795 708 849 dico,
742 796 905 848 Padre,
931 809 1011 852 per
1037 795 1299 839 informarlo
1326 809 1352 838 a
1381 795 1438 838 V.
1471 796 1525 838 P.
1556 809 1684 840 come
1710 795 1743 838 il
1768 780 1925 852 signor

293 874 587 931 suffraganeo
610 887 635 916 e
656 872 823 916 vicario
846 873 1061 930 generale
1081 873 1155 915 del
1177 874 1307 916 Rmo.
1332 872 1570 916 cardenale
1595 873 1606 893 ¹
1630 872 1672 915 ci
1692 874 1718 916 6
1741 878 1922 916 contra—

295 950 362 994 rio
383 950 430 994 in
451 957 570 995 tutte
591 951 632 994 16
654 965 775 1002 6056,
801 956 848 993 et
868 964 999 994 66163
1019 950 1352 994 occultamente
1367 948 1413 991 di
1430 948 1611 993 nocerci
1626 955 1796 1004 quanto
1813 951 1919 1006 puo,

293 1029 460 1085 perche
482 1028 528 1070 in
550 1027 776 1084 presentia
798 1042 889 1071 non
905 1029 964 1071 ha
980 1027 1145 1080 animo,
1165 1041 1214 1070 se
1230 1041 1324 1069 non
1341 1025 1386 1070 di
1407 1033 1684 1071 monstrarce
1700 1027 1839 1070 molto
1856 1027 1925 1071 fa-

294 1105 527 1149 uoreuole.
555 1105 730 1147 Perche
750 1119 812 1147 vn
835 1104 1011 1161 giorno,
1032 1104 1246 1160 parlando
1263 1118 1396 1160 sopra
1411 1103 1467 1146 (16
1483 1103 1644 1147 31611116
1659 1117 1779 1156 6056,
1799 1102 1843 1147 10
1859 1103 1924 1160 gli

289 1182 337 1225 10
359 1181 534 1225 dicesse
557 1181 865 1226 chiaramente
891 1196 1029 1226 senza
1050 1181 1259 1237 rispetto;
1284 1195 1333 1225 se
1354 1195 1446 1224 non
1473 1182 1558 1226 che
1579 1195 1692 1238 poco
1720 1181 1763 1224 61
1789 1195 1923 1225 61113-

294 1273 429 1303 uamo
450 1260 535 1302 che
556 1258 619 1301 lui
641 1257 816 1303 dicesse
838 1272 865 1301 o
886 1260 1079 1302 hauesse
1106 1257 1290 1314 opinion
1318 1258 1360 1300 al
1387 1257 1627 1310 contrario,
1653 1264 1923 1303 contentan-

290 1336 395 1379 doci
417 1335 493 1379 noi
515 1336 589 1380 del
612 1334 870 1380 testimonio
892 1336 949 1378 de
970 1334 1096 1378 Iddio
1123 1349 1149 1378 e
1177 1335 1234 1379 de
1264 1335 1306 1378 16
1333 1334 1626 1389 conscientie,
1651 1335 1694 1379 al
1715 1336 1800 1379 che
1830 1350 1921 1379 non

293 1414 419 1470 potte
437 1413 699 1469 rispondere
721 1427 776 1456 su
803 1412 1025 1469 signoria,
1057 1426 1106 1455 se
1134 1426 1225 1455 non
1252 1412 1506 1455 escusando
1528 1425 1657 1455 come
1684 1419 1850 1468 poteua
1880 1413 1923 1456 la

290 1503 374 1533 sua
388 1489 512 1533 mala
533 1489 800 1534 intentione.
828 1490 885 1532 Et
907 1488 1031 1532 accio
1054 1490 1111 1533 V.
1138 1490 1194 1533 R.
1219 1501 1452 1545 cognosca
1474 1496 1635 1545 questo
1656 1503 1779 1534 esser
1794 1504 1919 1542 vero,

292 1566 604 1623 primamente,
631 1567 679 1609 fu
702 1580 839 1610 631153
861 1568 945 1609 6116
964 1567 1006 1610 16
1027 1567 1249 1609 monache
1272 1580 1362 1608 non
1384 1566 1609 1610 facessero
1629 1567 1660 1608 l'
1684 1566 1918 1623 essercitij,

288 1644 505 1687 hauendo
534 1643 610 1700 gia
638 1642 966 1687 incomenciato
994 1644 1037 1686 la
1070 1643 1341 1686 abbadessa:
1374 1649 1419 1687 et
1449 1642 1480 1684 li
1511 1642 1730 1700 consiglio
1758 1645 1843 1688 che
1873 1644 1919 1687 in

291 1734 462 1765 nessun
483 1720 617 1763 modo
638 1719 668 1762 li
692 1720 879 1773 facesse,
904 1734 976 1762 ma
998 1721 1082 1763 che
1098 1734 1147 1763 se
1164 1733 1398 1764 escusasse
1415 1733 1503 1762 con
1520 1719 1589 1762 dir
1605 1722 1690 1763 che
1706 1720 1823 1765 saria
1839 1736 1921 1778 pe-

291 1796 431 1840 ricolo
451 1803 497 1840 et
519 1796 731 1839 scandalo
754 1797 810 1839 de
832 1797 873 1838 la
896 1803 1059 1852 gente,
1090 1795 1127 1839 si
1156 1810 1209 1840 66
1236 1797 1480 1839 11311655610
1506 1795 1624 1840 visto
1648 1803 1772 1840 tante
1799 1799 1921 1843 volte

291 1874 459 1918 andare
480 1874 510 1916 li
532 1874 619 1916 alla
640 1873 807 1927 chiesa3
832 1880 874 1917 et
900 1875 984 1917 che
1005 1887 1097 1916 non
1119 1873 1293 1917 (1166556
1315 1874 1399 1916 6116
1420 1872 1482 1916 1111
1504 1874 1533 1915 l'
1557 1875 1703 1917 hauea
1719 1875 1919 1930 prohibi-

291 1957 354 2003 to,
379 1965 460 2007 per
481 1965 576 1993 non
597 1950 907 1994 demonstrare
927 1951 1012 1993 che
1033 1949 1097 1992 lui
1113 1948 1341 2005 impediua
1356 1949 1388 1991 il
1404 1950 1534 1993 bene.
1556 1952 1677 1994 Puro
1694 1950 1772 1994 noi
1788 1952 1817 1993 l’
1836 1953 1919 1996 ha-

291 2041 425 2071 uemo
447 2034 609 2083 saputo
631 2027 750 2071 della
772 2033 915 2070 stessa
932 2027 1196 2078 abbadessa‚
1216 2026 1259 2069 la
1275 2027 1395 2081 qual,
1415 2041 1507 2069 non
1522 2028 1769 2082 potendose
1785 2042 1918 2072 escu--

290 2118 380 2157 sar,
405 2103 524 2147 disse
546 2104 589 2147 la
609 2103 766 2147 verita.

379 2180 515 2236 Dipoi
536 2195 629 2223 non
651 2182 709 2223 ha
729 2181 885 2223 voluto
908 2182 993 2225 6116
1014 2179 1056 2223 10
1078 2179 1334 2236 predicasse
1355 2180 1441 2223 alla
1462 2181 1615 2225 madre
1644 2180 1810 2235 chiesa,
1835 2184 1919 2227 ha-

292 2257 474 2301 uendoli
496 2257 572 2301 noi
594 2272 684 2300 vna
699 2257 824 2300 volta
845 2258 1034 2313 parlato,
1059 2271 1148 2300 con
1169 2256 1265 2300 dire
1286 2258 1371 2301 che
1393 2256 1576 2310 timeua,
1601 2259 1686 2302 che
1708 2258 1738 2300 li
1760 2274 1918 2304 mona-

283 2334 364 2377 ·chi
387 2349 466 2391 per
489 2342 649 2390 questo
672 2349 763 2377 non
785 2333 1147 2377 mormorassino.
1170 2334 1299 2377 Vltra
1316 2333 1360 2376 di
1376 2341 1536 2389 questo
1552 2333 1596 2377 io
1612 2349 1693 2377 son
1710 2336 1875 2379 andato
1892 2352 1919 2380 a

288 2412 464 2468 parlare
486 2413 542 2456 de
565 2413 726 2455 alcune
748 2425 853 2455 cose
875 2412 1013 2455 molto
1034 2411 1124 2454 mal
1147 2411 1256 2454 fatte
1277 2417 1323 2454 et
1344 2411 1401 2455 de
1422 2412 1595 2467 grande
1616 2409 1828 2456 scandalo
1859 2414 1916 2458 de

282 2488 439 2532 ‚alcuni
462 2488 592 2544 preti,
618 2495 663 2532 et
684 2487 763 2541 lui,
788 2489 963 2532 benche
982 2487 1156 2532 dicesse
1171 2488 1296 2532 voler
1311 2488 1407 2531 'fare
1423 2501 1537 2544 gran
1558 2502 1682 2541 cosa,
1707 2503 1798 2532 non
1816 2490 1915 2534 fece

283 2564 459 2618 niente,
485 2567 651 2622 perche
675 2579 811 2608 erano
829 2564 934 2609 delli
957 2564 1056 2608 suoi
1079 2563 1298 2607 familiari.
1320 2565 1377 2606 Et
1397 2563 1518 2620 dipoi
1539 2565 1597 2609 ha
1612 2565 1737 2609 detto
1754 2566 1915 2610 alcune

282 2656 395 2687 -cose
417 2644 614 2685 anchora
635 2642 675 2685 31
698 2641 856 2698 signor
879 2648 1159 2698 gouernator
1181 2641 1195 2661 ³
1220 2647 1376 2684 eontra
1395 2640 1440 2684 di
1462 2640 1536 2684 noi
1551 2675 1561 2694 ,
1586 2641 1846 2696 falsissime,
1871 2643 1914 2688 16

288 2720 422 2774 quale
445 2716 639 2763 vo'lendo
662 2719 705 2762 io
726 2719 935 2775 prouarle
962 2733 1085 2761 esser
1114 2719 1246 2770 false,
1277 2717 1431 2761 auanti
1461 2719 1545 2761 che
1572 2718 1635 2761 lui
1656 2719 1853 2775 parlasse
1873 2721 1916 2764 al

286 2803 591 2852 gouernatore
620 2796 665 2839 di
694 2796 869 2852 quello,
905 2810 994 2838 non
1024 2796 1169 2847 volse,
1200 2795 1394 2839 dicendo
1423 2796 1507 2839 che
1534 2795 1596 2837 mi
1623 2796 1832 2850 credeua,
1867 2804 1914 2841 et

362 3002 371 3022 ¹
423 3000 600 3035 Vicarius
626 2997 838 3034 Alexandri
862 2997 1051 3045 Farnesii,
1075 2996 1290 3033 cardinalis.
1320 2997 1428 3033 Illius
1452 3008 1608 3044 nomen,
1633 3003 1676 3034 ut
1698 2999 1791 3035 alibi
1814 2999 1912 3036 dixi-

283 3072 387 3104 mus,
407 3064 595 3107 perpetuo
614 3070 635 3094 a
653 3057 889 3094 nostratibus
906 3057 954 3093 de
972 3056 1161 3093 industria
1178 3057 1344 3093 celatur.

356 3123 370 3142 Ξ
421 3118 653 3155 Vincentius
671 3118 719 3154 de
738 3117 882 3153 Nobili.
903 3117 1003 3152 Vide
1022 3117 1140 3164 epist.
1163 3115 1245 3152 880.
