2014 3476
280 248 347 284 168
777 249 1016 285 EPISTOLAE
1045 246 1334 293 M1x‘rAE—805

229 357 360 408 posto
390 351 447 393 de
478 364 748 406 promouere
783 352 872 395 M,e
905 350 1077 393 Erardo
1118 350 1128 372 ¹
1168 365 1195 393 a
1230 350 1425 394 l’ordine
1462 350 1535 394 del
1571 349 1811 394 diaconato
1849 365 1875 394 a

230 434 391 484 questa
427 434 708 484 pentecoste,
748 433 795 472 et
831 428 951 485 dopo
989 427 1035 470 in
1073 433 1235 483 questa
1271 428 1428 472 estade
1450 428 1493 471 al
1514 427 1788 481 sacerdotio,
1828 434 1875 472 et

231 508 322 550 M.e
349 504 545 549 Martino
568 505 610 548 al
631 504 887 559 diaconato3
914 511 960 550 et
980 504 1045 548 lui
1067 504 1257 549 insieme
1285 519 1373 548 con
1402 506 1490 549 M.e
1509 507 1687 564 Joanne
1711 503 1874 561 Tyrsio

229 597 277 626 se
298 589 522 639 potranno
545 582 639 626 fare
661 581 886 627 sacerdoti
909 582 995 625 alla
1023 583 1193 639 pascha
1221 581 1465 638 prossima,
1497 583 1691 628 essendo
1719 583 1874 626 alhora

228 659 413 704 maestri
429 660 548 704 nelle
564 659 665 713 arti,
690 659 729 703 si
751 660 865 703 altro
881 674 975 703 non
992 659 1336 702 commandasse
1353 660 1410 703 V.
1432 660 1488 703 R.
1508 659 1697 704 Nicolao
1714 666 1873 704 nostro

229 737 368 780 molto
390 743 566 794 espetta
588 737 631 780 13
651 736 846 794 risposta
867 736 913 779 di
936 738 993 780 V.
1020 737 1075 779 R.
1103 750 1237 792 sopra
1258 736 1316 780 de
1339 743 1500 792 questa
1522 736 1712 781 materia
1732 737 1790 781 de
1810 735 1872 779 ri-

228 828 392 859 ceuere
413 813 445 856 li
467 813 614 857 ordini
634 813 765 866 sacri,
791 813 854 856 dil
877 815 961 858 che
984 813 1061 870 gia
1083 812 1329 856 habbiamo
1350 813 1509 857 scritto
1525 813 1633 856 duoi
1652 813 1794 858 volte.

318 891 491 935 Incirca
518 892 560 934 al
588 892 680 936 fine
708 892 782 935 del
810 905 936 935 mese
964 897 1147 947 passato
1176 889 1341 947 giunse
1370 906 1397 934 a
1425 890 1605 935 Vienna
1632 891 1706 934 dal
1736 904 1873 948 paese

229 968 318 1012 M.⁰
342 968 645 1023 Theodorico,
672 969 847 1013 fratello
870 968 943 1011 del
961 969 1011 1011 P.
1030 967 1230 1021 Canisio,
1257 975 1303 1013 et
1320 982 1369 1012 se
1385 968 1607 1013 dubitano
1637 983 1687 1012 se
1702 967 1767 1011 lui
1790 968 1872 1011 do-

230 1060 316 1090 uea
339 1046 555 1089 fermarse
584 1045 683 1101 qui,
718 1046 879 1090 saltem
907 1045 1056 1089 insino
1084 1045 1142 1088 al'
1175 1053 1403 1101 autunno,
1436 1060 1463 1089 o
1493 1061 1602 1091 uero
1634 1060 1816 1103 parsare
1849 1061 1873 1089 a

228 1125 386 1167 Roma.
415 1125 503 1166 Per
526 1122 716 1179 rispetto
733 1122 839 1167 delli
862 1122 979 1166 caldi
996 1130 1042 1166 et
1059 1123 1177 1167 della
1194 1124 1442 1168 debolezza
1458 1138 1557 1177 sua,
1583 1125 1755 1169 restara
1777 1124 1871 1179 qui,

227 1201 353 1244 salua
374 1199 677 1244 l’obedienza.
704 1199 758 1244 Li
780 1199 1041 1245 hauessimo
1063 1201 1171 1243 dato
1187 1215 1268 1257 per
1290 1199 1321 1242 il
1343 1215 1427 1244 suo
1445 1215 1701 1258 compagno
1718 1208 1874 1245 nostro

227 1276 447 1322 Suetonio
471 1276 754 1332 Crescentio,
780 1283 908 1334 parte
930 1279 1097 1334 perche
1118 1277 1184 1320 lui
1205 1278 1231 1321 e
1253 1277 1438 1321 italiano
1458 1286 1504 1322 et
1525 1293 1619 1322 non
1640 1293 1706 1333 sa,
1726 1278 1774 1321 ni
1790 1294 1873 1323 an—

228 1357 315 1398 cho
333 1354 441 1397 forsi
459 1353 548 1397 mai
566 1355 714 1410 sapra,
734 1354 778 1397 13
799 1353 959 1411 lingua
981 1355 1186 1409 todesca‚
1206 1339 1334 1411 parte
1355 1356 1523 1411 perche
1539 1355 1603 1398 lui
1618 1357 1678 1398 ha
1694 1355 1874 1400 deside-

229 1438 329 1475 rato
347 1432 405 1474 de
422 1438 632 1476 tornarse
649 1446 676 1474 3
693 1432 852 1485 Roma,
873 1439 919 1475 et
935 1446 1015 1488 per
1032 1438 1195 1487 questo
1212 1432 1330 1476 deue
1347 1431 1547 1476 scriuere
1563 1447 1589 1475 3
1606 1434 1664 1477 V.
1685 1434 1740 1476 R.
1751 1467 1761 1486 ,
1780 1447 1874 1476 non

226 1523 311 1565 pur
331 1508 603 1564 sequitando
626 1509 669 1552 13
691 1509 895 1566 ragione,
922 1525 995 1553 ma
1018 1510 1212 1555 essendo
1234 1508 1523 1553 discontento
1544 1512 1630 1554 che
1651 1510 1683 1553 li
1699 1524 1777 1554 era
1798 1525 1873 1554 or-

225 1585 381 1630 dinato
404 1588 489 1631 che
510 1593 656 1631 stasse
678 1587 797 1630 nella
818 1587 942 1630 scola
964 1601 1051 1631 con
1073 1586 1177 1631 altri
1200 1586 1364 1630 fratelli
1380 1602 1462 1644 per
1477 1587 1645 1645 meglio
1663 1588 1873 1631 fondarse

227 1662 334 1707 nelli
352 1663 541 1719 precetti
559 1670 606 1708 et
622 1662 796 1720 pratica
813 1665 931 1709 delle
947 1665 1105 1721 regole
1122 1664 1468 1721 grammaticali.
1483 1666 1659 1721 Questa
1669 1679 1753 1709 sua
1769 1671 1872 1708 tan-

229 1748 274 1784 to
290 1740 507 1793 violenta,
533 1755 663 1784 come
687 1740 866 1796 diceua,
884 1741 1152 1795 tentatione,
1172 1742 1320 1798 scopri
1337 1757 1363 1785 a
1380 1741 1469 1786 M.⁰
1487 1743 1674 1785 Erardo.
1695 1742 1872 1786 Voleua

227 1825 397 1862 restare
419 1818 483 1860 lui
506 1817 635 1873 quasi
665 1833 843 1875 sempre
871 1819 992 1862 nella
1020 1832 1214 1872 camera,
1239 1825 1286 1864 et
1316 1820 1412 1864 fare
1435 1819 1571 1872 versi,
1598 1826 1644 1864 et
1671 1818 1873 1864 studiare

226 1910 251 1938 a
274 1910 358 1938 sua
379 1903 523 1951 posta.
546 1895 633 1939 Lui
656 1897 681 1939 e
705 1897 830 1939 buon
845 1895 1026 1950 iouane,
1052 1895 1223 1952 quieto,
1245 1902 1291 1941 et
1309 1903 1508 1940 amatore
1525 1898 1582 1940 de
1605 1896 1773 1953 quiete;
1798 1912 1871 1940 ma

226 1972 444 2016 inclinato
466 1973 552 2015 alla
573 1973 860 2036 singularita,
886 1981 932 2018 et
953 1975 1011 2018 de
1027 1982 1191 2018 natura
1212 1975 1353 2018 molto
1376 1974 1688 2019 melancolico.

317 2049 592 2106 Preghiamo
615 2051 672 2094 V.
699 2052 754 2094 R.
780 2053 866 2096 che
887 2051 929 2094 ci
950 2051 1152 2095 rescriua
1174 2051 1206 2094 il
1228 2067 1312 2095 suo
1334 2066 1492 2108 parere
1514 2059 1560 2096 et
1590 2052 1782 2096 volunta
1813 2067 1870 2095 en

222 2133 386 2183 queste
415 2139 536 2178 cose,
569 2133 614 2170 et
644 2128 730 2171 che
766 2127 1041 2173 similmente
1069 2143 1119 2173 se
1148 2128 1314 2172 ricordi
1342 2129 1399 2173 da
1437 2128 1535 2183 noi,
1576 2128 1644 2172 soi
1682 2128 1871 2186 indegni

225 2202 384 2260 figlioli
406 2202 473 2246 soi
496 2201 607 2262 [sic],
633 2204 752 2248 nelle
783 2219 866 2248 sue
894 2205 1104 2249 orationi.
1132 2207 1298 2250 Amen.
1328 2205 1552 2249 Postridie
1575 2205 1872 2250 Ascensionis

232 2293 248 2324 Ι
257 2291 280 2335 5
288 2290 343 2335 54
366 2280 399 2332 ²,
425 2281 498 2324 dal
520 2280 799 2325 monasterio
822 2282 927 2326 delli
951 2282 1231 2326 carmelitani
1254 2283 1300 2326 in
1324 2283 1514 2327 Vienna.
1538 2285 1609 2327 De
1627 2285 1683 2328 V.
1705 2285 1760 2327 R.
1782 2285 1867 2326 hu-

226 2357 331 2402 mile
352 2356 526 2414 figliolo
548 2363 594 2401 et
616 2371 751 2401 seruo
774 2360 848 2403 nel
871 2360 1090 2416 Signore,

1031 2438 1282 2482 NICOLAUS
1315 2453 1379 2482 DE
1411 2439 1629 2482 LANNOY.

315 2548 577 2604 Inscriptio:
588 2512 687 2607 Jlis.
709 2549 770 2593 Al
787 2549 925 2593 molto
945 2551 1058 2593 Rdo.
1080 2549 1126 2593 in
1145 2552 1228 2594 X.0
1244 2551 1407 2603 Padre,
1422 2551 1453 2593 il
1468 2551 1615 2593 Padre
1628 2552 1675 2594 M
1682 2549 1718 2594 .⁰
1730 2551 1867 2607 Igna-

227 2624 291 2668 tio
313 2625 371 2669 de
393 2626 579 2682 Loyola,
604 2626 833 2683 preposito
855 2627 972 2670 della
995 2627 1279 2684 Compagnia
1295 2628 1352 2672 de
1368 2629 1520 2685 Jesus,
1545 2627 1591 2670 in
1615 2629 1772 2671 Roma.

282 2801 309 2840 ³¹
360 2799 529 2835 Erardus
556 2799 801 2835 Avantianus
826 2800 1046 2845 (Dawant).
1077 2801 1137 2835 De
1168 2801 1242 2836 hoc
1271 2800 1517 2848 caeterisque
1541 2801 1673 2848 sociis,
1702 2811 1864 2849 quorum
1936 2796 1938 2799 ’

226 2859 290 2893 hic
306 2857 351 2893 fit
367 2858 528 2905 mentio,
548 2858 588 2894 in
605 2857 743 2894 eadem
761 2858 877 2905 epist.
896 2858 966 2904 786
984 2859 1133 2895 dictum
1147 2859 1228 2906 jam
1247 2865 1325 2895 est.

297 2920 311 2939 2
362 2917 555 2953 Nimirum
572 2928 595 2964 4
613 2917 718 2964 Maji.
739 2917 935 2954 Inciderat
953 2919 1057 2954 enim
1076 2930 1176 2954 anno
1199 2926 1290 2964 1554
1315 2920 1465 2956 Pascha
1483 2928 1528 2966 25
1553 2919 1696 2967 Martii,
1717 2919 1866 2956 Ascen-
1893 2930 1899 2938 ‘

223 2975 283 3012 sio
302 2976 324 3011 3
342 2976 449 3023 Maji,
469 2978 726 3013 Pentecostes
749 2976 791 3013 13
806 2977 916 3024 Maji.
