2014 3476
293 217 360 256 142
785 210 1024 246 EP1s’r0LAE
1049 208 1333 254 M1xrAE—-791

239 313 288 357 in
310 314 512 370 Spagna,
544 313 671 357 Italia
698 319 744 358 et
771 312 979 366 Francia,
1012 320 1059 358 et
1086 313 1194 358 nelli
1222 312 1336 366 Indi,
1370 319 1415 357 et
1438 311 1500 355 mi
1527 311 1754 355 domando
1781 326 1832 356 se
1852 327 1880 356 a

237 405 328 434 vno
351 391 580 449 colleggio
602 392 659 436 de
688 390 831 435 nostri
859 390 906 433 in
937 390 1158 436 Piasenza
1188 390 1491 434 bastarebono
1519 395 1724 434 trecento
1752 388 1881 432 scudi

245 468 416 512 l’anno:
443 475 488 513 et
510 468 554 512 io
575 468 607 511 li
629 468 916 525 respondete,
949 469 1033 511 che
1054 469 1267 513 hauendo
1297 481 1357 509 un
1382 467 1516 510 luoco
1544 466 1620 510 nel
1642 480 1812 523 cuorpo
1835 465 1882 508 di

239 545 284 605 la
312 545 417 599 cita,
449 560 536 589 con
565 545 733 599 chiesa,
765 546 955 589 comodo
983 559 1062 602 per
1091 544 1122 587 li
1151 543 1328 596 scolari,
1361 550 1407 587 et
1435 543 1479 586 13
1511 556 1616 587 casa
1645 542 1810 586 fornita
1837 542 1883 586 di

240 622 455 679 vtensilij,
482 630 527 668 et
548 622 663 677 letti,
690 638 715 667 e
736 622 838 666 libri
859 622 905 666 di
928 621 1159 679 theologia
1181 636 1261 678 per
1278 621 1519 674 sacerdoti,
1540 627 1587 663 et
1607 620 1654 663 di
1674 619 1883 663 humani-

243 702 289 743 ta
319 714 399 757 per
430 699 462 742 li
497 699 674 753 fratelli,
707 701 791 743 che
823 700 866 748 al
893 706 1105 755 presente
1135 698 1455 742 basterebono.
1492 698 1550 740 Et
1581 696 1613 739 li
1643 696 1808 753 piaque
1838 697 1883 740 la

242 777 409 834 partita
430 784 476 822 et
491 777 577 820 disi
596 779 681 821 che
697 774 955 834 hauereb[e]
978 776 1164 829 ueduto,
1191 782 1235 820 et
1253 774 1330 832 poi
1348 776 1576 819 hauerebe
1599 774 1773 818 auisato
1790 774 1880 818 mio

245 855 422 898 fratello
443 856 529 899 che
551 854 596 897 di
619 861 737 897 tutto
759 869 834 898 me
862 852 1112 897 informasi:
1138 859 1184 896 et
1205 852 1249 896 io
1270 852 1302 895 li
1324 851 1433 895 dissi
1461 853 1547 895 che
1573 851 1881 909 bisognarebe

244 932 320 974 tal'
346 945 486 974 cuosa
514 931 723 975 chiedere
751 946 777 974 a
806 932 864 974 V.
891 932 945 974 R.
974 925 1027 973 P.
1059 930 1167 974 Cosi
1195 929 1303 973 stesi
1331 929 1379 972 in
1409 936 1571 986 questo
1599 929 1879 986 parlamento

240 1008 396 1052 circha
417 1023 507 1051 vna
534 1010 660 1065 hora:
696 1008 771 1065 poi
801 1021 1032 1051 uenerono
1055 1006 1207 1051 alcuni
1234 1006 1424 1064 signori,
1455 1013 1501 1051 et
1530 1006 1767 1051 facessimo
1788 1007 1881 1052 fine

240 1099 327 1129 con
352 1086 395 1128 13
416 1081 707 1129 conclusione
730 1085 1011 1141 supradetta.

331 1162 529 1206 Potrebe
546 1164 684 1206 esser’
708 1161 967 1207 facilmente
989 1145 1074 1206 che
1094 1163 1138 1206 lo
1161 1162 1338 1206 chiame
1359 1168 1405 1206 et
1428 1161 1590 1206 facessi
1613 1162 1801 1205 anchor'
1819 1161 1885 1205 lui

243 1240 342 1282 solo
366 1239 507 1296 ongni
534 1254 681 1296 spesa,
707 1245 863 1282 atento
885 1241 970 1283 che
987 1240 1012 1283 ε
1034 1239 1207 1296 signor'
1227 1239 1273 1282 di
1291 1239 1474 1298 parechi
1496 1239 1682 1283 castello
1698 1246 1744 1283 et
1765 1253 1791 1282 a
1808 1238 1883 1282 doi

236 1316 446 1373 figliuoli,
471 1317 582 1359 luno
610 1316 700 1361 deli
725 1315 847 1372 quali
876 1316 979 1361 olde
1011 1316 1206 1374 Virgilio
1235 1316 1474 1371 Cicerone,
1507 1323 1554 1360 et
1575 1318 1686 1360 hora
1707 1316 1883 1359 incom-

239 1408 462 1438 menzaua
499 1408 525 1436 a
561 1392 771 1450 imparar’
803 1394 996 1449 qualche
1033 1409 1173 1456 cuosa
1209 1394 1255 1437 di
1293 1409 1448 1451 greco:
1488 1395 1518 1437 l’
1551 1395 1664 1438 altro
1701 1393 1883 1451 seguita

246 1477 423 1526 questo.
452 1471 658 1516 Staremo
681 1485 706 1514 a
729 1471 885 1515 ueder’
910 1471 1030 1527 quel'
1057 1473 1143 1516 che
1163 1471 1194 1514 il
1223 1472 1420 1529 Signore
1447 1475 1603 1515 nostro
1625 1473 1812 1528 operara
1832 1470 1881 1515 in

245 1548 358 1591 loro.
392 1541 535 1592 Molto
563 1548 602 1591 si
629 1562 741 1592 sono
769 1548 1008 1592 monstrati
1045 1549 1322 1594 affecionatti
1350 1565 1376 1593 a
1403 1556 1559 1593 nostra
1597 1549 1881 1606 Compagnia

245 1625 406 1682 poiche
427 1627 547 1669 hano
569 1625 716 1669 inteso
737 1625 769 1668 il
790 1640 874 1669 suo
895 1627 1156 1682 procedere.
1183 1627 1315 1670 Altro
1342 1642 1434 1671 non
1471 1641 1712 1671 occoreno.
1739 1628 1881 1672 Molto
1937 1623 1943 1629 '

245 1701 307 1744 mi
330 1688 601 1747 racornando
639 1703 710 1746 ale
731 1702 935 1748 oratione
963 1710 1008 1747 et
1030 1703 1237 1760 sacrificij
1261 1704 1318 1747 de
1347 1705 1399 1748 V.
1426 1706 1479 1748 R.
1509 1706 1582 1759 Ρ.,
1613 1711 1660 1748 et
1686 1704 1882 1762 espetia-

243 1793 319 1822 mo
335 1794 425 1823 vno
443 1782 616 1824 rettor'.
638 1779 698 1824 Di
721 1781 918 1826 Modena
939 1780 997 1825 ali
1020 1793 1070 1824 10
1087 1780 1246 1838 Aprile
1274 1791 1401 1837 1554.
1427 1783 1486 1825 D.
1513 1783 1570 1827 V.
1592 1783 1647 1826 R.
1675 1783 1729 1826 P.
1749 1796 1884 1827 seruo

243 1857 463 1914 indegno,

952 1938 1029 1994 Jo:
1065 1937 1353 1981 LAURENTIO
1387 1952 1450 1981 DE
1483 1939 1755 1993 PATAR1N1.

334 2014 595 2070 Inscriptio:
625 2013 653 2072 ’ξ-
686 2015 747 2058 Α1
785 2015 926 2058 molto
964 2014 1079 2058 Rdo.
1115 2015 1168 2057 P.
1202 2016 1265 2058 M.
1296 2015 1388 2058 don
1415 2014 1594 2072 Ignatio
1621 2014 1667 2058 di
1696 2015 1883 2072 Loyola,

243 2089 474 2146 preposito
511 2092 713 2148 general’
746 2092 836 2135 dila
864 2091 1148 2148 Compagnia
1169 2091 1214 2134 di
1242 2091 1402 2136 Giesu.
1435 2093 1487 2135 In
1516 2099 1647 2136 santa
1674 2087 1818 2137 Maria
1839 2092 1885 2136 di

246 2167 289 2209 13
311 2167 490 2221 Strada,
523 2183 708 2225 apresso
731 2175 864 2213 santo
886 2171 1056 2223 Marco,
1086 2167 1131 2211 in
1155 2170 1313 2213 Roma.
1340 2169 1400 2213 Di
1422 2176 1556 2226 porto
1588 2169 1662 2213 doi
1683 2169 1879 2214 baiochi.

1001 2382 1034 2422 ’ἵ
1039 2381 1112 2422 91

733 2465 1066 2503 RESPUBLICA
1094 2465 1392 2503 GENUENSIS

621 2543 809 2586 PATRI
840 2544 1103 2588 IGNATIO
1135 2545 1218 2587 DE
1250 2544 1511 2588 LOYOLA

784 2641 930 2669 GENUA
960 2631 1003 2668 13
1021 2641 1184 2669 APRILIS
1205 2641 1296 2678 1554
1317 2635 1342 2668 ¹.

386 2710 441 2746 Ut
459 2709 623 2745 Genuae
641 2709 891 2756 gymnasium
915 2709 1125 2746 Societatis
1143 2711 1239 2756 Jesu
1263 2709 1505 2755 instituatur,
1525 2712 1737 2757 postulant.

335 2787 563 2831 Hauendo
585 2786 752 2831 sentito
775 2788 818 2830 la
834 2787 975 2831 Illma.
996 2787 1196 2844 signoria
1212 2795 1367 2831 nostra
1388 2789 1445 2833 de
1461 2790 1621 2834 Genoa
1639 2790 1697 2833 da
1714 2789 1883 2834 diuersi

243 2863 450 2908 cittadini
472 2870 518 2907 et
541 2863 588 2906 in
616 2870 743 2919 parte
766 2850 1119 2921 esperimentato
1142 2865 1184 2908 el
1207 2865 1327 2909 fruto
1350 2867 1434 2910 che
1462 2866 1608 2922 potria
1629 2866 1812 2924 seguire
1833 2881 1885 2912 se

312 2973 322 2992 ¹
374 2971 432 3005 Ex
450 2970 632 3016 originali
650 2969 690 3006 in
708 2972 786 3006 vol.
811 2971 942 3018 Epist.
972 2970 1335 3014 Communitatum,
1356 2972 1501 3020 duplici
1516 2973 1624 3022 folio,
1639 2986 1683 3010 n.
1706 2983 1762 3017 12,
1778 2973 1886 3021 prius

241 3027 322 3071 132,
342 3029 381 3064 in
400 3030 561 3077 antiquo
581 3030 772 3066 tabulario
790 3030 840 3066 C.
865 3040 936 3067 XVI
948 3031 971 3066 6
988 3031 1111 3078 (prius
1129 3034 1201 3078 19);
1222 3037 1262 3068 et
1279 3032 1422 3069 iterum
1439 3034 1489 3070 B.
1515 3042 1576 3070 20.
