2060 3450
356 238 429 286 580
748 282 761 289 ι
853 241 1086 277 Eius-romi:
1114 241 1405 287 Mutua—944

1063 487 1183 528 9411

919 576 1128 613 CAESAR
1154 577 1320 613 HELMI

659 658 861 718 [PATRI
892 661 1156 706 IGNATIO
1187 661 1271 704 DE
1302 660 1578 722 LOYOLA]

816 763 1010 791 VENETus
1035 756 1058 791 6
1083 764 1245 792 APmms
1274 763 1364 802 1555
1391 758 1419 792 ¹.

596 831 798 868 Sociorum
815 832 973 880 collegii
991 834 1126 869 veneti
1142 845 1343 879 numerus,
1362 845 1504 882 mores,
1522 834 1646 871 vires.

1119 910 1142 945 †

1083 948 1170 1005 Jhs

394 1036 490 1078 Pax
511 1034 638 1091 Xpi.,
664 1042 751 1079 ete.
779 1035 921 1080 Molto
943 1036 1059 1079 Rdo.
1081 1036 1229 1080 Padre
1244 1035 1292 1080 in
1309 1035 1508 1081 Christo.
1529 1037 1706 1093 Questa
1720 1037 1746 1081 e
1763 1051 1842 1094 per
1857 1037 1953 1080 dat-

302 1111 432 1155 auiso
455 1126 481 1155 a
503 1113 561 1156 V.
588 1113 643 1156 R.
669 1112 742 1157 del
764 1125 953 1156 numero
975 1112 1082 1157 delli
1106 1113 1241 1157 Padri
1260 1119 1309 1156 et
1332 1113 1494 1158 fratelli
1515 1115 1601 1158 che
1622 1125 1734 1158 sono
1760 1113 1807 1157 in
1821 1126 1946 1170 que--

301 1195 372 1232 sto
394 1188 606 1246 collegio,
631 1196 677 1234 et
698 1190 815 1234 delle
836 1189 1143 1246 particularita
1164 1189 1210 1233 di
1232 1190 1336 1234 essi.

390 1266 425 1309 Il
447 1268 501 1310 P.
528 1268 591 1311 M.
617 1267 808 1312 Alberto
831 1267 846 1287 ²
869 1267 895 1310 e
911 1266 1080 1310 intrato
1096 1267 1215 1310 nella
1230 1267 1514 1325 Compagnia
1534 1267 1581 1311 in
1602 1269 1760 1312 Roma:
1786 1269 1812 1312 ὲ
1827 1274 1950 1311 nato-

301 1342 348 1387 in
370 1344 575 1397 Ferrara,
599 1345 659 1387 ha
680 1354 736 1399 45
761 1343 868 1387 anni
890 1343 937 1386 in
958 1343 1094 1388 circa.
1124 1345 1177 1401 [E
1198 1343 1384 1403 intrato]
1404 1345 1510 1388 nell'
1534 1359 1654 1389 anno
1673 1345 1748 1388 del
1765 1354 1836 1400 52,
1861 1345 1935 1390 nel

301 1435 425 1465 mese
447 1419 492 1463 di
515 1422 688 1465 Marzo.

388 1498 423 1541 Il
445 1500 498 1541 P.
525 1500 587 1542 M.
614 1497 821 1541 Alouisio
844 1498 978 1554 Napi,
1004 1498 1062 1542 da
1085 1498 1271 1550 Milano,
1297 1499 1342 1541 d'
1367 1498 1475 1542 anni
1497 1499 1555 1542 26
1575 1498 1622 1542 in
1649 1497 1784 1551 circa,
1813 1497 1948 1542 inti-(¹)-

298 1574 345 1618 in
367 1576 510 1619 Roma
532 1575 637 1618 nell’
663 1589 781 1618 anno
809 1585 935 1630 1550,
957 1576 1031 1620 nel
1048 1590 1172 1620 mese
1189 1575 1235 1618 di
1258 1575 1430 1632 Aprile.
1459 1577 1534 1619 Ha
1553 1576 1723 1620 veduta
1743 1582 1789 1620 et
1810 1574 1949 1619 vdita-

299 1658 417 1695 tutta
438 1652 481 1694 13
502 1651 740 1704 rethorica,
767 1666 853 1695 con
874 1653 1069 1708 qualche
1090 1666 1204 1708 poca
1225 1651 1271 1695 di
1293 1651 1466 1708 pratica
1494 1651 1602 1697 delli
1631 1651 1732 1696 casi'
1751 1651 1796 1695 di
1824 1666 1933 1695 con-

298 1727 501 1772 scientia.
738 1784 748 1794 ‚

386 1806 589 1849 Arnoldo
631 1806 837 1858 Concho,
878 1807 935 1849 da
972 1805 1253 1862 Glinghelim
1289 1805 1335 1868 di
1371 1804 1530 1862 Liege,
1564 1805 1682 1849 intre)
1710 1805 1758 1848 in
1786 1807 1932 1849 Roma

296 1882 326 1925 l'
346 1896 465 1926 anno
493 1893 619 1941 1549,
645 1883 719 1927 nel
741 1897 864 1927 mese
885 1882 930 1925 di
951 1884 987 1926 F
990 1883 1166 1936 ebrato,
1191 1882 1235 1925 di
1259 1885 1333 1927 613
1363 1882 1409 1925 di
1438 1894 1495 1940 29
1523 1897 1551 1926 o
1582 1896 1637 1938 30
1665 1881 1794 1935 anni,
1825 1895 1930 1938 pro-

296 1966 419 2003 moto
440 1959 486 2002 in
509 1959 593 2003 arti
614 1959 661 2003 in
684 1959 903 2013 Louanio,
929 1960 1050 2015 dopo
1073 1960 1103 2002 l'
1127 1958 1293 2002 intrata
1314 1960 1431 2003 della
1453 1959 1737 2016 Compagnia
1759 1960 1791 2002 ³.

384 2037 570 2081 Thadeo
592 2036 827 2089 Amaroni,
852 2037 910 2080 da
931 2037 1083 2091 Siena,
1108 2036 1226 2079 intre
1247 2036 1294 2078 in
1315 2038 1460 2080 Roma
1480 2037 1555 2079 nel
1575 2048 1649 2094 49,
1675 2035 1767 2094 [nel
1786 2037 1924 2092 mese]

292 2113 339 2157 di
361 2114 396 2157 F
399 2115 575 2158 ebrato.
600 2115 637 2158 E
659 2113 704 2156 di
725 2115 798 2157 613
819 2113 865 2155 di
889 2126 945 2168 24
967 2113 1095 2157 anni:
1120 2115 1180 2157 ha
1200 2114 1369 2158 veduta
1391 2112 1520 2169 quasi
1542 2119 1660 2157 tutta
1680 2113 1724 2157 13
1745 2127 1926 2170 grama—

295 2191 384 2235 tiea
405 2190 451 2234 di
473 2189 788 2247 Despauteri0‚
815 2198 860 2234 et
881 2188 1098 2250 inte[nde]
1118 2190 1280 2235 adesso
1301 2190 1345 2233 13
1360 2190 1570 2235 retorica.

384 2266 611 2311 Bonifatio
630 2266 736 2310 delli
758 2264 870 2326 [sic],
895 2267 953 2310 (13
975 2267 1190 2320 Messina,
1215 2269 1274 2310 ha
1303 2278 1358 2310 22
1381 2266 1488 2310 anni
1508 2266 1555 2310 in
1575 2266 1711 2311 circa.
1736 2267 1859 2310 Intrt‘)
1877 2266 1939 2310 in⁴

292 2346 436 2389 Roma
457 2345 531 2388 nel
553 2359 672 2389 anno
700 2354 826 2399 1552,
848 2345 923 2389 nel
939 2358 1063 2388 mese
1080 2343 1125 2387 di
1142 2344 1178 2387 F
1181 2345 1356 2387 ebraro.
1378 2344 1453 2388 Ha
1473 2345 1642 2388 veduta
1657 2350 1703 2388 et
1724 2358 1774 2388 sa
1795 2342 1923 2401 quasi

291 2428 410 2465 tutta
430 2422 472 2465 la
495 2420 789 2479 grammatica
810 2420 855 2464 di
878 2420 1201 2478 Despauterio,
1232 2427 1290 2467 et,
1307 2421 1470 2464 adesso
1492 2422 1607 2465 vede
1633 2405 1679 2465 et
1705 2421 1790 2464 ode
1817 2421 1935 2463 rhe-

291 2498 432 2542 torica
455 2499 487 2542 ⁴.
818 2498 822 2508 f

362 2633 372 2652 ³
424 2630 482 2665 Ex
499 2628 736 2675 autographo
753 2627 792 2663 in
811 2628 893 2663 vol.
916 2628 1233 2675 Informationes
1250 2628 1456 2674 antiquae,
1475 2627 1590 2663 unico
1607 2627 1698 2663 folio
1723 2637 1799 2663 non
1822 2627 1933 2663 inte--

285 2699 371 2735 gro,
390 2700 428 2723 n.
449 2687 509 2734 93,
529 2687 635 2734 prius
653 2686 735 2732 287.

356 2750 370 2770 ²
422 2747 608 2783 Albertus
626 2747 846 2787 Ferrarese,
864 2745 931 2793 qui
950 2746 1130 2791 Eugubio
1143 2745 1271 2781 fuerat
1290 2751 1494 2782 evocatus.
1517 2745 1645 2792 Hujus
1659 2746 1788 2792 plures
1802 2744 1842 2780 in
1856 2756 1920 2781 su-

286 2806 436 2854 periore
456 2807 538 2842 vol.
561 2805 754 2841 edidimus
772 2805 972 2851 epistolas.

356 2867 371 2887 5
420 2865 521 2901 Vide
550 2865 642 2912 quid
671 2863 720 2900 de
745 2875 792 2899 eo
815 2863 959 2900 referat
983 2863 1032 2899 ad
1055 2865 1159 2899 hunc
1184 2875 1327 2899 annum
1351 2864 1570 2910 POLANCO‚
1596 2869 1624 2900 t.
1651 2872 1692 2910 v,
1716 2874 1805 2911 pag.
1836 2862 1926 2908 169,-

285 2937 323 2961 n.
344 2935 434 2970 490.

355 2986 370 3005 ⁴
421 2983 585 3019 «Missus
605 2987 665 3018 est
683 2982 801 3018 etiam
819 2981 1012 3028 Venetiis‚
1033 2993 1170 3017 versus
1188 2980 1376 3028 Siciliam,
1395 2981 1631 3029 Bonifaeius‚
1653 2980 1812 3026 siculus,
1837 2968 1925 3016 1116-

283 3042 458 3080 dicorum
476 3042 675 3078 consilio».
695 3041 912 3083 POLANCO,
933 3041 961 3076 l.
981 3053 1031 3087 c.,
1049 3052 1138 3087 pag.
1162 3048 1244 3088 170,
1263 3052 1302 3076 n.
1321 3048 1404 3087 491.
