2034 3432
286 235 356 272 942

235 322 364 373 Vega,
387 324 654 361 Ferdinandus
671 325 735 371 de,
754 323 930 372 proregis
950 324 1027 359 fra-

290 390 362 428 ter,
383 385 464 431 246,
486 393 574 431 792.

233 444 367 492 Vega,
399 446 570 492 Joannes
588 445 651 487 de,
684 444 841 481 Siciliae
871 434 1026 490 prorex,

290 504 350 540 vir
385 504 660 551 integerrimus
680 533 687 547 ,
726 504 908 550 antiquus
944 500 1023 537 Sti.

290 565 433 611 Ignatii
463 565 624 607 amicus,
657 562 866 599 Societatis
885 561 1027 604 fautor,

291 636 359 672 pro
377 625 623 671 neapolitana
642 623 847 659 sodalitate
869 621 941 657 «de
955 621 1030 657 Re-

288 684 537 731 demptione»
557 689 681 729 rogat,
703 692 750 727 24
767 687 807 717 et
822 691 946 728 seqq.;
960 681 1031 716 Pe-

291 748 394 779 trum
403 743 593 778 Ximenez
603 741 756 788 Ignatio
766 739 1029 785 commendat,

292 813 351 849 493
368 807 534 838 testatur
552 801 761 839 Octavium
786 799 936 844 Cesari,
962 810 1031 834 sua

291 867 446 909 sponte,
468 873 545 896 non
567 861 605 895 vi
625 865 691 895 aut
710 858 892 906 precibus
913 857 1032 893 addu-

286 927 412 967 ctum,
432 920 670 956 Societatem
696 918 847 958 iniisse,
873 925 931 963 573
952 929 1033 953 car-

292 980 473 1023 dinalem‚
498 980 689 1025 Joannem
715 977 881 1020 Caraffa,
905 982 1032 1022 rogat,

295 1045 338 1075 ut
351 1038 611 1075 adolescentis
622 1038 686 1084 jus
704 1042 838 1072 contra
852 1041 1033 1083 parentes

295 1103 464 1143 tueatur,
484 1104 543 1142 57,
570 1097 628 1141 583
660 1095 819 1142 conjicit
843 1095 882 1131 in
907 1106 1034 1131 carce-

294 1169 376 1192 rem
391 1158 581 1203 Joannem
601 1155 849 1191 Dominicum
867 1154 916 1190 de
936 1156 1035 1190 Mer-

292 1216 417 1261 curio,
443 1224 526 1261 225,
559 1224 641 1261 2543
674 1214 846 1251 studium
877 1215 1035 1261 linguae

293 1276 473 1312 arabicae
504 1280 721 1322 promovet,
750 1275 831 1319 256,
866 1282 949 1319 257,
975 1286 1036 1310 ce-

296 1335 576 1382 phaludensem
601 1333 827 1376 dioecesim,
855 1333 1036 1380 pessimis

290 1394 487 1441 exemplis
507 1393 740 1440 expositam,
761 1393 915 1439 Ignatio
933 1404 1037 1428 com—

297 1453 518 1489 mendatam
538 1454 622 1488 vult
641 1452 829 1499 impense,
853 1452 935 1497 566,
953 1452 1036 1497 567;

297 1514 486 1559 templum
539 1512 748 1547 Societatis
794 1516 1039 1557 monterega-

295 1573 405 1607 lense
436 1578 560 1613 ornat,
588 1571 672 1615 6113
706 1570 950 1618 suspiciones
975 1570 1038 1605 ad-

298 1642 436 1666 versus
468 1630 721 1674 Societatem,
750 1630 783 1665 si
807 1642 904 1677 quas
923 1630 1040 1667 Caro-

298 1691 358 1726 lus
377 1690 412 1724 V
429 1690 668 1736 conceperit,
688 1689 838 1725 diluere
861 1696 1038 1737 conatur,

298 1750 382 1794 6253
403 1761 445 1784 V.
474 1748 540 1783 123
559 1754 598 1784 et
613 1761 738 1796 seqq.,
757 1750 837 1794 164,
854 1751 939 1796 226,
954 1750 1040 1794 351-

300 1807 385 1854 359,
419 1806 502 1853 369,
531 1806 702 1852 386-388,
734 1817 817 1854 411,
849 1817 934 1854 414,
954 1809 1039 1855 671,

301 1875 385 1912 720,
406 1865 579 1912 789-793‚
598 1867 682 1902 826.

251 1927 378 1972 Vega,
399 1926 544 1962 Suerus
553 1926 616 1972 de,
632 1926 808 1973 proregis
822 1926 940 1968 filius,
956 1927 1040 1974 226,

304 1984 388 2030 352,
408 1984 492 2031 629.

254 2044 367 2090 Vela,
386 2043 579 2089 Andreas,
597 2043 770 2089 490-493.

252 2103 399 2144 Velati,
417 2103 463 2138 Ρ.
489 2103 661 2149 Joannes
676 2104 765 2138 Bta.
778 2130 787 2148 ,
804 2102 849 2138 S.
870 2103 932 2150 J.,
951 2101 1035 2139 133.

256 2162 359 2204 Veli,
380 2167 503 2207 turca,
522 2162 605 2206 672.

255 2222 421 2268 Velona,
438 2222 632 2269 princeps,
649 2221 732 2267 483.

257 2281 448 2316 Venetiae
466 2281 682 2328 (Venezia),
699 2293 803 2328 opp.,
816 2287 855 2317 et
870 2280 1043 2317 Societa-

305 2340 354 2375 tis
380 2340 604 2385 collegium,
638 2329 698 2387 26,
727 2349 810 2385 140,
842 2341 928 2387 206,
957 2349 1040 2382 210,

305 2399 386 2443 287,
403 2397 488 2445 340,
508 2398 592 2445 379,
624 2398 710 2445 380,
729 2398 814 2445 453,
841 2407 925 2445 457,
957 2399 1041 2445 458,

304 2456 389 2502 483,
410 2457 493 2503 581,
513 2458 595 2504 583,
627 2458 713 2505 609,
743 2459 827 2504 7853
854 2459 950 2494 socii
968 2460 1045 2495 col-

306 2517 398 2563 legii
422 2516 711 2564 describuntur,
731 2518 816 2564 206,
843 2518 924 2563 580,
951 2518 1037 2563 581.

259 2575 362 2610 Vera
379 2574 428 2610 de
442 2576 659 2623 Plasencia,
679 2587 784 2623 opp.,
809 2576 897 2623 498.

258 2633 470 2681 Verdolay,
503 2636 694 2681 Joannes,
722 2636 972 2672 concionator
990 2638 1045 2672 in-

307 2691 445 2739 signis,
461 2693 544 2739 539,
565 2702 648 2739 540.

259 2752 434 2797 Verdun,
455 2764 560 2799 opp.,
582 2758 622 2788 et
639 2752 847 2800 dioecesis,
867 2754 949 2798 586.

260 2810 447 2856 Vergara,
467 2822 583 2858 opp.,
604 2811 690 2856 285.

260 2869 447 2915 Vergara,
466 2870 616 2917 doctor,
634 2883 671 2906 v.
690 2870 870 2906 Ramirez
887 2870 936 2906 de
945 2871 1047 2906 'Ver-

308 2939 419 2974 gara.

214 3028 217 3031 ¹
260 2985 447 3032 Vergara,
475 2988 705 3025 Franciscus
724 2989 786 3032 de,
813 3001 1042 3036 graecarum

300 3044 527 3082 vlitterarum
546 3047 823 3095 peritissimus,
843 3056 927 3093 502.

982 225 1155 261 Inmcas

1100 323 1411 371 Vergara-Rojas
1430 329 1470 359 et
1484 324 1707 369 Contreras,
1728 325 1882 374 script.,

1149 382 1232 428 526.

1101 442 1247 478 Verula
1275 442 1476 488 (Veruela,
1500 443 1696 490 Beruela),
1727 443 1883 490 insigne

1149 501 1381 538 coenobium
1400 500 1449 539 Ο.
1470 501 1511 538 S.
1531 503 1672 544 Bern„
1697 503 1784 550 706,
1798 511 1883 550 7103

1150 562 1285 605 abbaS,
1317 573 1359 597 v.
1395 562 1540 608 Marco,
1572 562 1703 609 Lupus
1722 562 1877 609 (Lope).

1103 620 1265 668 Vibero‚
1284 622 1440 666 Bivero,
1460 634 1499 660 v,
1519 622 1683 659 Vivero.

1104 680 1336 716 Vicecomes
1354 681 1402 716 de
1422 681 1625 726 Altamira,
1651 694 1694 718 v.
1717 683 1887 718 Fernan-

1151 739 1225 775 dez
1242 741 1291 776 de
1309 741 1466 777 Rivero.

1106 798 1217 843 Vich‚
1236 810 1326 847 opp.
1339 828 1349 846 ,
1369 812 1407 835 v.
1429 800 1602 837 Ausona.

1106 859 1218 904 Vico,
1238 858 1409 894 marchio
1422 859 1486 906 de,
1505 872 1544 896 v.
1572 859 1815 896 Caracciolo.

1107 917 1293 963 Victoria,
1313 918 1360 952 P.
1385 919 1555 964 Joannes
1569 918 1633 965 de,
1649 918 1690 954 S.
1707 916 1890 966 J.,Vien‘-

1154 988 1204 1011 na
1220 976 1383 1011 Romam
1398 982 1595 1022 evocatur,
1615 987 1675 1023 41.

1107 1035 1281 1071 Victoria
1300 1036 1494 1083 (Vitoria),
1513 1047 1617 1084 opp.,
1638 1038 1722 1083 461.

1108 1094 1351 1139 Victorinus,
1387 1095 1616 1131 candidatus
1651 1095 1889 1142 eugubinus,

1156 1155 1197 1190 in
1246 1154 1485 1190 Societatem
1531 1166 1609 1190 non
1658 1154 1889 1200 admittitur,

1160 1221 1240 1259 157.

1110 1273 1256 1318 Vieira,
1275 1285 1346 1308 seu
1364 1273 1496 1319 Viera,
1514 1273 1701 1318 Didacus,
1721 1285 1742 1309 e
1762 1272 1891 1309 Socie-

1158 1337 1238 1367 tate
1273 1343 1476 1378 egressus,
1511 1332 1760 1367 donationem
1794 1343 1816 1367 a
1850 1343 1893 1367 se

1158 1390 1301 1426 factam
1331 1390 1459 1426 denuo
1492 1391 1648 1438 repetit,
1687 1399 1774 1437 122,
1809 1390 1892 1436 2893

1159 1450 1317 1485 Patrum
1336 1450 1590 1485 lusitanorum
1605 1461 1814 1495 consensu,
1828 1450 1896 1486 de-

1160 1521 1237 1545 nuo
1252 1509 1292 1544 in
1309 1509 1547 1545 Societatem
1562 1509 1792 1552 admittitur,
1808 1508 1893 1555 778,

1161 1576 1244 1614 779·

1113 1629 1266 1664 Vienna
1284 1629 1446 1674 (Wien),
1473 1640 1586 1675 opp.,
1611 1637 1671 1674 413
1704 1633 1897 1664 monaste-

1160 1688 1261 1724 rium
1278 1688 1585 1732 carmelitanum,
1617 1688 1697 1732 1263
1729 1687 1786 1722 id.
1822 1687 1895 1723 Sti.

1161 1747 1372 1793 Dominiei,
1395 1746 1475 1791 1283
1492 1748 1531 1783 in
1545 1746 1641 1782 illud
1659 1746 1812 1782 sodales
1830 1746 1899 1782 rni-

1159 1811 1287 1852 grant,
1307 1806 1386 1848 166,
1402 1815 1486 1852 2193
1502 1805 1713 1851 collegium
1727 1805 1900 1852 dotatur,

1161 1865 1395 1901 Ferdinandi
1413 1865 1517 1911 regis
1543 1865 1792 1910 liberalitate,
1813 1864 1898 1911 315,

1162 1924 1246 1966 318,
1266 1924 1349 1969 319;
1374 1937 1413 1959 v.
1444 1933 1524 1970 129,
1553 1923 1633 1967 1683
1661 1923 1736 1959 viri
1760 1923 1901 1970 princi-

1163 1996 1232 2031 pes
1254 1984 1450 2026 Austriae‚
1470 1984 1571 2019 filios
1590 1984 1629 2019 in
1653 1983 1899 2031 disciplinam

1164 2042 1373 2078 Societatis
1392 2042 1563 2092 tradunt,
1584 2041 1755 2088 317-319.

1116 2102 1273 2147 Vierzo,
1294 2114 1399 2149 opp.,
1425 2102 1509 2147 619.

1116 2162 1280 2209 Vignes,
1301 2161 1511 2207 Fabritius,
1531 2162 1571 2197 S.
1599 2162 1660 2207 J.‚
1686 2161 1899 2207 neapolita-

1099 2259 1106 2267 ,
1163 2233 1266 2268 nus,
1298 2221 1422 2256 incola
1456 2221 1612 2267 collegii
1641 2219 1900 2266 ferrariensis,

1165 2281 1252 2326 587.

1116 2340 1281 2386 Vignes,
1306 2340 1585 2386 Hieronymus,
1607 2339 1685 2384 178;
1713 2337 1902 2374 Societati

1165 2401 1261 2446 Jesu
1294 2400 1536 2446 adjungitur,
1562 2398 1792 2446 interposito
1816 2409 1903 2433 eam

1165 2459 1410 2505 ingrediendi
1428 2464 1534 2503 voto,
1565 2458 1612 2493 ad
1631 2463 1768 2493 nutum
1785 2468 1902 2504 supe-

1165 2517 1291 2564 rioris,
1311 2527 1394 2563 242,
1425 2517 1508 2563 243;
1539 2528 1730 2564 quaenam
1760 2516 1812 2551 sit
1841 2515 1901 2551 vis

1165 2577 1386 2623 hujusmodi
1404 2576 1500 2622 voti,
1518 2577 1567 2611 ab
1591 2574 1745 2613 Oviedo
1768 2573 1922 2622 exqui->

1166 2635 1231 2680 rit,
1249 2643 1333 2681 274,
1352 2643 1435 2680 2753
1452 2633 1646 2681 Ignatium
1660 2638 1786 2680 rogat,
1805 2631 1904 2669 velit

1166 2694 1371 2740 Neapolim
1389 2694 1543 2728 Patrem
1563 2692 1706 2727 Lainez
1732 2691 1902 2738 mittere,

1166 2753 1234 2801 qui
1252 2751 1473 2789 Galeatium
1488 2750 1754 2788 Caracciolum
1771 2749 1820 2786 ad
1837 2751 1905 2787 bo·

1167 2825 1256 2848 nam
1275 2812 1427 2858 frugem
1445 2800 1662 2854 convertat,
1681 2809 1854 2855 756-758.

1120 2871 1285 2918 Vignes,
1305 2871 1484 2916 Michael,
1509 2870 1554 2905 S.
1579 2870 1633 2915 J.,
1659 2867 1816 2915 collegii
1839 2870 1906 2905 eu‘-

1167 2930 1305 2977 gubini
1339 2930 1476 2970 incola,
1503 2928 1564 2973 78,
1600 2927 1681 2974 132,
1711 2934 1795 2971 2123
1825 2925 1901 2963 Ge-

1168 3001 1284 3025 nuam
1303 2988 1425 3030 venit,
1457 2986 1607 3022 infirma
1632 2997 1724 3021 usus
1756 2985 1906 3020 valetu-

1169 3048 1273 3090 dine,
1294 3048 1378 3093 565,
1397 3046 1484 3092 566.
